3030 5190
813 559 855 622 38

276 759 328 813 τὸν
349 759 402 813 οὐν
422 760 525 828 ᾶχαριν
547 754 616 811 οὐδὲ
629 757 740 827 ἐπαχθῆ
755 766 814 825 ταῖς
853 749 1006 827 provincie
1019 751 1133 828 primus
1148 752 1178 810 in
1187 757 1292 828 partes
1303 756 1400 814 trans·

276 865 422 934 ὑπηκόοις,
445 861 532 932 εἰδὼς
555 872 648 934 φυγῆς
665 862 816 933 bacwald-
855 856 988 936 gessua”

278 988 321 1040 μα
342 971 390 1024 καὶ
412 970 625 1040 παρακάλυμμα
651 969 703 1039 τὴν
725 969 817 1040 ἀρχὴν

277 1077 355 1145 αὐτῷ
373 1072 543 1144 δεδομένην.
572 1075 762 1143 Ἀποστάντος
782 1071 816 1128 δὲ

276 1181 376 1253 Γάλβα
393 1188 511 1251 πρῶτος
528 1180 616 1250 αὐτὸς
632 1180 816 1250 προσεχώρη-

278 1300 312 1343 σε
326 1295 385 1341 τῶν
398 1287 559 1359 ἡγεμόνων.

321 1430 474 1497 Profecto
502 1428 611 1494 multo
639 1427 776 1494 uberior
802 1428 978 1494 Plutarchi
1005 1427 1156 1495 narratio
1183 1435 1234 1495 est
1261 1431 1306 1517 1);
1336 1432 1396 1498 sed

277 1567 413 1613 summa
436 1544 607 1630 congruit:
631 1543 762 1610 litterae
780 1543 822 1610 de
840 1543 997 1610 seditioso
1015 1544 1220 1610 Germanico
1240 1547 1395 1613 exercitu

277 1661 422 1742 adlatae,
446 1659 574 1740 Galbae
597 1659 778 1725 consilium
793 1658 990 1745 adoptandi,
1008 1656 1198 1745 petulantia
1220 1658 1395 1749 luxusque

279 1775 435 1858 Othonis,
457 1776 635 1861 Poppaeae
658 1795 736 1839 cum
758 1774 892 1839 Nerone
912 1779 945 1840 et
962 1773 1098 1840 Othone
1121 1775 1334 1842 consuetudo
1356 1777 1395 1864 2),

279 1891 370 1960 Otho
390 1890 500 1978 specie
516 1889 694 1975 legationis
716 1889 754 1953 in
774 1888 987 1954 Lusitaniam
1010 1888 1185 1974 sepositus,
1206 1889 1341 1976 primus
1357 1890 1395 1956 in

280 2006 409 2074 Galbae
432 2009 545 2093 partes
567 2009 803 2089 transgressus.

323 2121 419 2187 Haec
442 2119 558 2185 omnia
588 2117 791 2185 Plutarchus
821 2117 876 2184 vel
896 2117 1016 2183 orandi
1039 2138 1099 2183 suo
1122 2138 1245 2204 genere
1269 2118 1325 2186 vel
1349 2120 1397 2186 fa·

279 2236 389 2318 bellis,
417 2257 501 2322 quas
524 2234 689 2301 memoria
718 2232 865 2315 tenebat,
897 2233 1130 2319 amplificavit.
1163 2232 1320 2299 Alteram
1352 2234 1396 2301 de

280 2353 440 2438 Poppaea
461 2351 633 2416 Neronem
665 2348 876 2437 excludente,
909 2369 1011 2435 quam
1044 2353 1158 2414 noster
1184 2347 1327 2434 praebet
1350 2350 1398 2415 fa-

282 2465 419 2547 bellam,
440 2466 543 2532 etiam
567 2465 747 2532 Suetonius
770 2463 808 2530 Ο.
834 2466 853 2530 3
873 2464 988 2546 tradit,
1007 2463 1066 2551 qui
1085 2463 1213 2530 maiore
1235 2463 1399 2550 probabi·

280 2581 375 2648 litate
399 2581 482 2647 dicit
504 2603 574 2647 non
593 2582 798 2667 Poppaeam,
822 2579 881 2646 sed
905 2578 1077 2645 Othonem
1093 2578 1265 2645 Neronem
1281 2580 1399 2648 exclu-

282 2697 373 2763 sisse.
397 2696 510 2783 Atque
529 2696 586 2762 hie
603 2717 695 2762 error
714 2696 817 2762 etiam
833 2693 955 2782 probat
973 2693 1196 2760 Plutarchum
1216 2715 1255 2760 ea
1275 2694 1320 2761 de
1336 2716 1399 2762 suo

283 2811 462 2878 addidisse.
487 2811 595 2877 Nemo
622 2811 714 2876 enim
736 2808 874 2896 negabit
889 2808 1111 2875 Plutarchum
1130 2809 1168 2874 in
1188 2830 1249 2874 sua
1269 2809 1400 2898 scripta

284 2927 392 2993 multa
415 2948 432 2993 e
455 2927 621 2992 memoria
643 2925 834 3006 inseruisse,
858 2924 949 3012 quod
974 2923 1071 3010 copia
1094 2944 1255 2991 versuum
1279 2924 1401 2994 lauda·

283 3049 405 3124 torum,
439 3040 646 3123 fabularum,
680 3040 849 3106 dictorum
880 3038 1155 3106 memorabilium
1189 3039 1353 3109 declarat.

320 3264 346 3330 1)
365 3261 420 3313 Nec
438 3259 620 3312 obliviscamur
639 3258 758 3311 Tacitum
776 3258 818 3310 hic
835 3258 868 3310 de
886 3257 962 3310 rebus
982 3266 1041 3311 ante
1060 3275 1157 3312 annum
1172 3259 1206 3314 69
1219 3261 1299 3327 gestis
1313 3279 1401 3330 agere,

283 3358 352 3410 unde
370 3358 425 3410 eius
443 3357 556 3408 narratio
574 3355 672 3424 aliquid
690 3356 817 3408 astrictior
834 3356 875 3408 ait.

320 3454 348 3523 2)
366 3455 460 3508 Procul
477 3454 555 3506 dubio
573 3454 728 3507 Plutarchus
746 3455 773 3505 iu
792 3453 904 3506 Neronis
922 3452 976 3505 vita
993 3453 1045 3504 iam
1063 3452 1197 3506 historiam
1215 3454 1357 3523 Poppaeae
1375 3469 1402 3510 et

285 3551 395 3604 Othonis
412 3558 573 3602 tractaverat.
594 3550 746 3603 curantem
760 3567 812 3601 non
826 3549 902 3602 adicit
920 3550 1057 3602 formulam
1076 3558 1105 3602 ut
1123 3549 1211 3618 ὥσπερ
1229 3551 1338 3619 εἴρηται,
1363 3560 1402 3606 at·

283 3666 334 3717 que
352 3647 455 3700 brevius
469 3664 523 3700 rem
541 3647 620 3699 tradit
637 3647 705 3714 quod
723 3646 751 3698 in
769 3646 934 3699 memorando
948 3646 1108 3714 Nymphidio
1122 3646 1218 3699 Sabino
1230 3647 1263 3700 G.
1279 3647 1305 3700 2.
1320 3648 1403 3702 iacit?

284 3745 368 3798 Taciti
386 3761 465 3796 manu
483 3743 589 3796 ductum
607 3744 665 3796 eum
684 3744 732 3796 hoo
750 3744 866 3796 omisisse
884 3744 1005 3812 suspicor.

321 3843 459 3895 Praeterea
477 3841 633 3893 monendum
652 3848 690 3893 est
708 3840 740 3893 de
758 3840 846 3893 eadem
865 3859 893 3893 re
910 3842 987 3909 longe
1004 3842 1082 3893 aliam
1100 3841 1287 3917 rectioremque
1309 3860 1402 3896 narra·

284 3939 380 3992 tionem
398 3947 499 3992 exstare
516 3939 577 3991 Tac.
597 3939 666 3991 Anu.
681 3939 761 3990 XIII.
776 3939 818 4004 45,
833 3939 875 3993 46.
890 3940 920 3991 cf.
934 3940 966 3990 A.
982 3938 1088 3990 Srarrn.
1103 3938 1256 4006 Agrippina,
1270 3939 1314 3992 die
1327 3940 1402 3994 Mne

209 4012 225 4039 χ
285 4045 324 4089 er
342 4037 433 4089 ueros.
453 4037 550 4089 aaran.
571 4035 646 4090 rasa.
666 4054 723 4103 pgg.
750 4035 895 4090 res-208.
920 4037 956 4088 u.
981 4035 1133 4088 somnes.
1157 4035 1251 4088 sach.
1275 4036 1301 4089 r.
1320 4037 1401 4090 nam.

283 4133 459 4185 Kaiserreichs
477 4151 502 4186 u.
522 4132 546 4185 d.
566 4133 667 4199 Regier.
686 4132 710 4184 d.
731 4133 808 4184 Ner0.
826 4133 915 4185 Berlin
931 4132 1006 4187 1872.
1025 4151 1066 4200 pg.
1088 4133 1146 4187 119.
1165 4132 1322 4187 Plutarchus
1335 4151 1401 4188 vero

283 4230 436 4285 deteriorem
454 4230 629 4286 Historiarum
647 4231 820 4285 uenationem
838 4230 941 4303 recepit.
