3038 5190
604 575 647 639 49

61 762 295 844 κολαζόμενος
315 763 407 842 αὐτῷ
430 770 478 841 τῷ
497 761 596 842 φόβῳ
615 771 675 842 τῆς
693 761 941 841 κολάσεως...
963 763 1018 822 καὶ
1036 761 1181 845 νοσήμα-

62 879 118 940 σιν
139 879 332 960 ἀνηκέστως
353 878 511 957 σώματος
541 884 602 943 etc.
636 877 674 943 Ο.
707 879 736 943 o.
762 878 803 943 de
826 876 1014 943 Placentia:
1037 874 1181 955 ἔνδοξον

59 993 159 1056 πόλιν
180 996 236 1055 καὶ
256 1000 325 1054 τῶν
347 987 482 1055 Ἰταλῶν
504 991 662 1071 οὐδεμιᾶς
683 988 786 1072 ἦττον
808 990 990 1066 ἀνθοῦσαν,
1020 991 1058 1057 O.
1083 992 1113 1057 7.
1139 990 1180 1056 de

63 1109 248 1175 Cremona:
272 1108 394 1189 ἑτέραν
408 1106 506 1192 πόλιν
519 1105 702 1186 εὐδαίμονα
717 1106 949 1189 ναὶμεμάλην.
983 1107 1021 1174 Ο.
1055 1109 1106 1173 12.
1139 1107 1180 1173 de

63 1225 217 1292 Batavis:
242 1214 372 1284 arctoe
393 1221 579 1303 Γερμανῶν
600 1224 705 1303 ἱππεῖς
725 1222 862 1302 ἄριστοι,
884 1231 990 1305 νῆσον
1010 1224 1182 1301 αἰνοῦντες

60 1339 127 1401 ὑπὸ
141 1348 201 1400 τοῦ
216 1337 330 1419 Ῥήνου
343 1338 617 1419 περιρρεομένην.
643 1338 681 1405 Ο.
707 1339 758 1404 17.
783 1340 834 1403 De
858 1339 945 1403 miro
969 1338 1120 1425 militum
1141 1337 1179 1402 'in

65 1455 239 1522 Othonem
262 1454 389 1520 studio:
421 1450 508 1514 Ἀλλ’
537 1453 627 1515 dorne
652 1451 772 1533 μηθενὶ
800 1461 870 1515 τῶν
897 1454 1032 1516 πώποτε
1060 1452 1178 1534 τυράν-

61 1588 199 1632 νων....
221 1567 332 1649 ὁεινός
353 1569 463 1649 οὕτως
484 1568 573 1649 ε’ριος
598 1559 868 1650 ἐγγενέσθαι....
890 1577 950 1630 τοῦ
978 1568 1104 1650 ἄρχειν,
1133 1568 1182 1647 ὡς

62 1685 186 1747 ἐκεῖνοι
207 1692 267 1746 τοῦ
288 1682 451 1765 ἄρχεσθαι
472 1685 525 1745 καὶ
539 1682 718 1746 ὑπακούειν
733 1682 882 1762 Ὄθωνος
896 1682 1096 1764 ἠράσθησαν
1119 1690 1180 1750 cto.

63 1800 103 1867 Ο.
126 1802 178 1866 18.
203 1800 244 1865 de
262 1799 425 1885 Verginio
449 1799 562 1864 denuo
584 1799 770 1886 imperium
794 1798 983 1865 abnuente:
1009 1796 1041 1861 ‘0
1062 1796 1101 1859 ὁὲ
1120 1799 1182 1879 τὴν

62 1915 245 1995 ἡγεμονίαν
265 1913 471 1994 ἡττωμένων
491 1911 699 1994 παραλαβεῖν
716 1913 942 1993 νενικηκότων
956 1912 1123 1994 πρότερον
1134 1914 1181 1993 μὴ

61 2026 212 2109 θελήσας
229 2026 372 2106 μανικὸν
392 2028 515 2109 ἡγεῖτο·

109 2146 145 2208 20
168 2143 462 2217 Narratiunculae,
483 2142 560 2223 alia,
585 2164 672 2228 quae
696 2145 863 2209 memoria
887 2144 1048 2230 prodidit.
1073 2144 1182 2222 Quae·

62 2259 144 2323 dam
169 2258 262 2323 enirn
287 2279 305 2322 e
328 2258 495 2323 memoria
518 2257 611 2322 hisce
631 2258 711 2324 vitis
735 2280 814 2324 eum
833 2259 1014 2325 inseruisse
1034 2259 1182 2345 probant

62 2394 193 2439 errores
221 2372 328 2439 velut:
360 2372 400 2438 G.
430 2374 482 2438 20.
515 2372 715 2453 Asiaticum,
740 2373 872 2439 Vitellii
895 2374 1068 2454 libertum,
1092 2374 1181 2439 inter

61 2487 196 2555 Galbae
219 2487 359 2554 libertos
379 2487 546 2553 nominat.
569 2487 612 2554 (Ξ.
633 2490 686 2553 23.
712 2488 795 2554 dicit
819 2490 978 2555 Crassum
999 2495 1032 2554 et
1049 2488 1181 2554 Scribo-

60 2605 168 2685 niam,
203 2603 335 2668 Pisonis
369 2608 538 2689 parentes,
569 2603 715 2668 Neronis
748 2605 842 2670 iussu
876 2605 1069 2670 interfectos
1100 2627 1179 2671 esse.

60 2719 172 2799 Falso,
205 2739 287 2783 nam
319 2717 484 2783 Claudius
508 2739 564 2783 eos
590 2718 743 2782 interimi
774 2719 880 2785 iussit.
916 2721 1045 2785 Rerum
1069 2742 1089 2785 a
1113 2742 1181 2785 me-

61 2833 173 2898 moria
196 2834 425 2919 prosectarum
449 2833 594 2918 vestigia
616 2833 706 2898 inter
729 2834 829 2920 plura
853 2842 1034 2920 apparent:
1063 2856 1181 2900 versus

60 2947 192 3013 laudati
223 2946 366 3012 Hesiodi
398 2947 438 3012 (Ξ.
472 2948 523 3027 16,
548 2952 581 3011 et
610 2946 808 3012 Archilochi
833 2947 872 3013 (Ξ.
900 2948 951 3024 27,
988 2948 1027 3014 (Ξ,Ι
1058 2950 1109 3014 19.
1139 2949 1180 3014 de

61 3062 199 3128 Othone
222 3061 508 3143 narratiunculae,
534 3084 618 3149 quas
640 3062 711 3127 iam
735 3063 968 3129 tractavimus.
993 3063 1033 3130 (Ξ.
1058 3065 1110 3130 27.
1138 3064 1179 3129 de

61 3175 169 3243 Fabio
200 3174 331 3242 Fabulo
355 3175 486 3241 Galbae
510 3183 613 3262 caput
635 3177 752 3242 hastae
777 3178 984 3263 praefigente
1007 3185 1109 3265 atque
1133 3181 1181 3246 vi-

60 3293 193 3358 brante.
220 3290 260 3357 O.
286 3290 337 3356 15.
363 3291 404 3356 de
428 3291 537 3356 milite
560 3291 674 3376 gladio
698 3292 921 3359 incumbente
945 3300 1005 3360 etc.

106 3410 143 3472 30
165 3405 352 3492 Complura
371 3407 413 3472 de
438 3406 540 3473 rebus
562 3408 665 3492 gestis
687 3430 858 3473 annorum
880 3410 922 3474 68
943 3415 976 3474 et
996 3411 1038 3474 69
1058 3410 1177 3475 auditu

60 3523 106 3589 ad
139 3521 315 3588 Plutarchi
347 3521 505 3587 notitiam
529 3524 725 3608 pervenisse
749 3529 889 3589 constat.
915 3523 1014 3602 Quod
1047 3525 1181 3591 disertis

60 3636 175 3704 verbis
196 3637 269 3722 ipse
289 3642 430 3702 testatur
455 3637 494 3702 O.
520 3637 572 3702 14.
597 3634 685 3716 Ἐμοὶ
713 3635 752 3698 δὲ
779 3638 924 3718 ὕστερον
948 3637 1101 3701 όὸεύοντι
1126 3638 1178 3700 ded

58 3761 120 3816 τοῦ
138 3750 255 3814 πεὸίου
273 3749 447 3831 Μέστριος
479 3749 688 3831 Φλῶρος...
715 3751 926 3834 διηγεῖτο...
954 3753 1036 3816 [δεῖν
1065 3762 1180 3835 σῶρον

57 3866 257 3948 τηλικοῦτον
279 3871 339 3930 etc.
374 3865 451 3930 Ηοο
481 3865 656 3931 Plutarchi
680 3867 744 3932 iter
760 3869 785 3954 1)
810 3875 1020 3934 memoratur
1043 3889 1179 3955 quoque

99 4051 122 4109 l)
145 4049 206 4100 Non
231 4049 308 4100 semel
335 4066 394 4099 enm
420 4049 446 4100 iu
472 4049 549 4100 ltalia
574 4050 652 4101 fuisse
678 4051 795 4117 exposuit
822 4052 854 4101 R.
875 4051 1056 4102 VOLKMANN.
1081 4050 1178 4108 Leben,

55 4146 187 4198 Schriften
211 4145 264 4196 und
287 4146 452 4212 Philosophie
474 4146 520 4196 des
539 4147 661 4198 Plutarch
681 4165 731 4198 von
751 4148 908 4199 Chaeronea.
934 4148 1031 4199 Berlin.
1060 4148 1135 4199 latio.
1156 4149 1177 4198 l.

55 4262 116 4312 pgg.
137 4242 250 4307 34-38,
269 4242 311 4295 ll).

1024 4329 1044 4392 ll
