3038 5190
733 533 776 599 20

101 702 104 706 ’
196 745 269 790 rem
292 724 395 790 tradit
417 728 477 790 aut
492 744 525 789 se
541 723 770 810 complurium
792 723 898 790 libros
919 723 1107 810 inspexisse
1132 725 1323 811 profitetur

198 844 272 922 aut,
305 861 391 926 quac
421 838 594 921 audierat,
623 839 751 904 inserit.
783 839 879 905 Inter
907 839 1024 926 plura,
1056 859 1146 925 quae
1183 842 1323 907 confert

198 955 313 1040 Lange
336 959 548 1040 argumenta,
571 953 636 1020 hoo
665 953 836 1042 imprimis
859 953 1122 1020 memorandum
1154 960 1230 1021 est:
1263 978 1319 1042 pg.

197 1069 249 1137 57.
277 1069 396 1151 ,Quod
418 1069 446 1134 si
469 1069 573 1157 (Tac.)
595 1069 726 1135 fecisset
749 1069 812 1156 (ecz
836 1069 973 1136 dicendi
987 1090 1104 1156 genus,
1130 1069 1232 1157 quod
1256 1071 1320 1137 Ta·

195 1185 321 1251 citeum
344 1184 552 1267 nominatur,
575 1207 595 1251 a
617 1185 711 1250 fonte
733 1206 793 1250 suo
816 1185 988 1274 repetere),
1012 1185 1187 1272 quomodo
1214 1190 1320 1272 putas

194 1298 267 1364 fieri
290 1300 448 1385 potuisse,
471 1304 520 1382 ut,
544 1320 622 1365 cum
645 1321 716 1365 non
739 1300 863 1366 eodum
878 1301 922 1367 ad
945 1321 1063 1367 omnes
1085 1299 1317 1368 historiarum

194 1413 439 1485 etAnnalium
462 1413 566 1480 libros
588 1413 785 1480 scribendos
813 1415 864 1481 uti
894 1416 1042 1503 potuerit
1062 1416 1167 1497 fonte,
1192 1420 1317 1482 tamen

195 1529 313 1595 eadem
336 1530 373 1595 in
397 1529 557 1596 omnibus
578 1529 647 1594 illis
670 1536 756 1596 esset
773 1531 882 1598 Taciti
903 1530 1072 1598 scribendi
1094 1531 1183 1597 ratio
1208 1537 1317 1618 atque

195 1665 239 1709 ne
261 1644 447 1711 minimum
478 1644 617 1731 quidem
648 1645 861 1714 inveniretur
890 1645 1037 1732 signum,
1068 1666 1137 1732 quo
1168 1645 1318 1712 demon·

130 1778 133 1783 ’
193 1765 356 1828 straretur
377 1761 442 1828 hoc
463 1760 567 1830 illove
590 1761 664 1827 loco
687 1761 832 1827 alterum
851 1762 981 1828 fontem
996 1760 1091 1847 sequi
1108 1781 1188 1827 eum
1211 1761 1317 1828 desti-

192 1876 281 1958 tisse,
305 1876 451 1943 alterum
481 1876 644 1943 adhibere
673 1876 881 1964 incepisse?'’
906 1876 961 1942 Ad
987 1875 1172 1964 positivam
1199 1914 1249 1926 -
1275 1881 1317 1942 ut

191 1992 239 2058 ita
269 1992 381 2059 dicam
404 1991 714 2059 —dissertationis
745 2013 825 2058 suae
854 1998 986 2079 partem
1018 1996 1253 2077 transgressus
1277 1992 1314 2080 1),

194 2107 418 2174 Plutarchum
442 2128 460 2174 e
483 2108 600 2174 Tacito
623 2106 775 2174 hausisse
806 2107 948 2175 diversis
972 2107 1080 2175 causis
1103 2106 1315 2176 confirmare

194 2223 316 2290 studet.
336 2224 561 2290 Plutarchum
584 2223 737 2290 enimin
761 2223 890 2290 Galbae
905 2223 1026 2311 primis
1043 2224 1084 2288 18
1107 2221 1163 2291 vel
1188 2222 1234 2287 22
1261 2245 1315 2290 ca-

193 2338 321 2426 pitibus
342 2339 383 2406 de
398 2339 611 2427 imperatoris
627 2338 699 2406 vita
717 2337 869 2426 dispersa
884 2343 1020 2405 tantum
1037 2338 1197 2425 proferre,
1215 2337 1316 2405 dein·

194 2455 236 2521 de
258 2436 444 2523 veroinde
466 2436 510 2521 ab
534 2454 717 2542 adoptione
739 2454 872 2519 Pisonis
894 2453 1086 2521 enarranda
1105 2453 1315 2522 continuam

195 2569 323 2637 Galbae
339 2576 372 2636 et
387 2569 532 2637 Othonis
547 2569 726 2636 historiam
742 2569 884 2651 tradere,
902 2569 994 2656 quod
1011 2568 1088 2634 usui
1105 2568 1228 2650 Taciti,
1250 2570 1314 2657 qui

192 2686 229 2752 in
255 2687 366 2772 priore
391 2685 519 2752 Galbae
541 2686 632 2753 vitae
658 2690 754 2772 parte
777 2683 933 2751 adhiberi
956 2706 1027 2750 non
1049 2689 1171 2771 posset,
1194 2684 1314 2772 impu-

191 2801 297 2867 tanda
320 2806 420 2883 eesct;
444 2800 605 2867 facillime
628 2799 812 2866 nonnullos
834 2799 1011 2866 Plutarchi
1041 2819 1169 2866 errores
1199 2799 1314 2886 expli-

195 2916 273 2998 cari,
304 2916 332 2981 si
359 2916 516 2982 Tacitum
539 2916 610 2982 eius
638 2916 769 2981 fontem
790 2913 893 2980 fuisse
923 2919 1091 3000 putemus
1123 2912 1190 2978 Sed
1221 2913 1314 2982 haec

199 3031 338 3116 quidem
360 3031 534 3098 hactenus.

218 3145 306 3243 'Qui
319 3146 443 3213 deinde
455 3147 687 3234 quaestionem
700 3145 905 3227 retractavit,
915 3129 1202 3226 Gursrxrucxra,
1211 3166 1314 3230 prae·

195 3238 246 3328 ter
261 3242 404 3328 eximias
427 3283 552 3344 rerum,
576 3283 663 3349 quae
689 3260 819 3327 bellum
843 3260 1026 3347 attingunt,
1050 3259 1312 3346 explicationes,

197 3356 324 3445 noram
354 3377 398 3443 ad
429 3376 578 3444 Olasonii
610 3375 815 3442 sententiam
846 3374 1097 3441 defendendam
1127 3375 1313 3441 materiem

196 3472 371 3579 congessit.
392 3491 506 3579 Atque
524 3497 642 3558 monet
660 3492 686 3580 2)
709 3491 753 3558 ad
775 3489 923 3556 fontium
944 3489 1203 3576 inquisitionem
1225 3497 1313 3558 ante

196 3607 312 3673 omnia
323 3611 480 3674 accurata
492 3606 731 3693 explanatione
743 3605 955 3692 singulorum
970 3606 1147 3686 factorum,
1159 3609 1198 3670 ut
1212 3607 1313 3692 apud

232 3811 1313 3882 lffllmfflffimfflmwmfflmmmmmffiffl

195 3919 268 3979 parte
293 3912 369 3964 nimis
391 3912 503 3965 breviter
525 3912 612 3979 egisse.
638 3913 731 3964 Postea
755 3928 824 3976 vero,
849 3919 878 3964 ut
901 3912 990 3964 statim
1012 3910 1153 3978 apparebit,
1176 3909 1220 3961 elii
1239 3910 1314 3965 hanc

196 4018 295 4077 partem
319 4010 400 4062 fusius
423 4018 572 4062 tractarunt.
595 4010 684 4076 Lange
706 4008 856 4077 praesertim
879 4008 944 4061 bene
962 4026 988 4060 se
1006 4008 1114 4060 meritus
1136 4015 1174 4060 est
1191 4007 1220 4059 in
1238 4025 1312 4062 com·

198 4107 270 4158 muni
288 4107 359 4158 fonte
377 4106 522 4159 reiiciendo.

233 4203 260 4270 2)
279 4204 332 4256 1.1.
351 4222 392 4272 pg.
412 4206 437 4258 e.
