3038 5190
729 521 771 584 38

192 720 244 774 τὸν
265 721 318 774 οὐκ
338 721 441 790 ᾶχαριν
463 716 532 773 οὐδὲ
545 719 656 789 ἐπαχθῆ
672 728 731 787 τοις
770 711 923 789 provincia
936 714 1061 790 primus
1079 715 1116 774 in
1126 720 1236 793 partes
1246 720 1328 777 traua

192 826 338 896 tapetas,
361 823 449 894 εἰδὼς
471 834 565 896 φυγῆς
581 824 732 895 compc-
771 818 905 898 gesem.''

194 950 236 1000 μα
258 933 306 985 act
328 932 542 1001 παρακάλυμμα
567 931 619 1001 ap
641 931 734 1003 ἀρχὴν

193 1038 270 1106 αὐτῷ
289 1034 459 1106 δεδομένην.
488 1037 679 1105 Ἀποστάντος
698 1033 732 1090 di

192 1142 292 1214 roano
309 1150 427 1213 πρῶτος
444 1142 532 1212 αὐτὸς
548 1142 733 1212 προσεχώρη-

194 1261 228 1304 σε
242 1256 301 1302 τῶν
314 1249 474 1320 ἡγεμόνων.

237 1392 390 1458 Profecto
417 1391 527 1457 multo
555 1389 692 1456 uberior
718 1390 894 1458 Plutarchi
921 1391 1077 1459 narratio
1111 1400 1171 1461 est
1200 1397 1245 1484 1);
1275 1397 1328 1463 scd
1369 1360 1371 1369 Ι

193 1528 328 1574 summa
351 1506 523 1593 congruit:
546 1506 678 1573 litterae
696 1506 739 1574 de
756 1506 913 1573 seditioso
930 1506 1152 1576 Germanico
1175 1513 1327 1579 exercitu

193 1622 337 1704 adlatae,
361 1621 490 1702 Galbae
513 1621 693 1688 consilium
709 1621 906 1709 adoptandi,
924 1618 1126 1708 petulantia
1152 1624 1327 1715 luxusque

194 1737 350 1819 Othonis,
373 1737 550 1823 Poppaeae
573 1757 652 1802 cum
674 1737 808 1803 Nerone
828 1742 861 1803 et
878 1735 1013 1804 Othone
1038 1743 1272 1809 consuetudo
1293 1743 1327 1830 2),

195 1852 286 1921 Otho
306 1852 415 1939 specie
431 1851 610 1937 legationis
632 1851 670 1916 in
690 1851 904 1918 Lusitaniam
926 1850 1107 1937 sepositus,
1132 1856 1280 1941 primus
1294 1857 1327 1922 in

196 1967 325 2035 Galbae
348 1972 460 2054 partes
483 1972 719 2051 transgressus.

239 2084 335 2149 Haec
357 2082 473 2147 omnia
504 2080 707 2147 Plutarchus
736 2080 792 2148 vel
812 2080 932 2147 orandi
955 2101 1015 2146 suo
1037 2102 1176 2166 genere
1203 2086 1263 2154 vel
1286 2087 1329 2154 fa·

195 2197 304 2280 bellis,
332 2219 417 2284 quas
440 2196 605 2263 memoria
634 2195 782 2279 tenebat,
813 2195 1046 2283 amplificavit.
1080 2196 1257 2289 Alteram
1290 2201 1329 2268 de

196 2314 355 2399 Poppaea
376 2313 549 2378 Neronem
580 2311 792 2399 excludente,
825 2333 929 2399 quam
960 2316 1075 2377 noster
1102 2315 1265 2398 praebet
1286 2318 1330 2383 fa-

198 2426 334 2509 bellam,
356 2428 457 2494 etiam
482 2427 663 2494 Suetonius
686 2426 724 2494 Ο.
749 2429 769 2493 3
789 2427 904 2510 tradit,
923 2427 982 2514 qui
1000 2427 1135 2494 maiore
1161 2431 1330 2518 probabi·

196 2542 290 2609 litate
314 2543 397 2609 dicit
420 2564 490 2608 non
508 2544 713 2630 Poppaeam,
737 2542 796 2608 sed
820 2542 993 2609 Othonem
1009 2541 1195 2611 Neronem
1212 2547 1330 2615 exclu-

197 2658 288 2725 sisse.
312 2658 425 2745 Atque
444 2658 502 2724 hic
518 2680 610 2746 error
630 2658 732 2725 etiam
748 2657 872 2744 probat
889 2656 1114 2724 Plutarchum
1135 2680 1183 2727 ea
1204 2661 1252 2729 de
1268 2685 1329 2730 suo

198 2772 377 2839 addidisse.
403 2773 511 2838 Nemo
538 2773 631 2839 enim
651 2772 789 2858 negabit
804 2770 1028 2839 Plutarchum
1046 2772 1084 2837 in
1105 2794 1174 2841 sua
1196 2779 1330 2866 scripta

198 2888 307 2954 multa
330 2910 347 2954 e
370 2889 536 2954 memoria
558 2887 749 2969 inseruisse,
773 2887 865 2976 quod
889 2887 986 2974 copia
1010 2907 1180 2955 versuum
1206 2891 1329 2960 lauda-

198 3010 320 3086 torum,
354 3002 561 3085 fabularum,
595 3003 764 3069 dictorum
795 3002 1071 3070 memorabilium
1106 3003 1283 3076 declarat.

235 3225 261 3291 1)
280 3223 305 3275 N
307 3240 335 3275 ee
353 3221 535 3274 obliviscamur
555 3222 674 3274 Tacitum
691 3221 734 3273 hic
751 3221 783 3274 de
802 3221 878 3274 rebus
898 3230 957 3275 ante
976 3239 1073 3275 annum
1087 3222 1223 3291 digestis
1237 3245 1326 3297 agere,

171 3353 173 3357 ι
198 3319 267 3372 unde
285 3320 340 3372 eius
358 3319 471 3371 narratio
489 3319 587 3386 aliquid
606 3319 733 3371 astrictior
750 3318 790 3371 ait.

235 3416 263 3484 2)
281 3417 375 3469 Procul
392 3416 470 3468 dubio
489 3417 643 3469 Plutarchus
661 3417 689 3468 in
707 3417 820 3469 Neronis
838 3417 892 3468 vita
909 3416 961 3468 iam
979 3416 1112 3470 historiam
1131 3418 1281 3488 Poppaeae
1299 3435 1326 3476 aa

200 3513 311 3566 Othonis
327 3520 488 3565 tractaverat.
509 3512 661 3565 curantem
675 3529 727 3564 non
741 3512 818 3564 adicit
836 3514 973 3565 formulam
991 3521 1020 3566 ut
1038 3513 1126 3581 ὥσπερ
1144 3515 1260 3584 εἴρηται,
1286 3525 1324 3572 at-

198 3628 248 3678 que
267 3609 370 3662 brevius
384 3626 438 3662 rem
456 3609 535 3662 tradit
552 3609 621 3677 quod
639 3609 666 3660 in
685 3610 850 3662 memorando
863 3610 1023 3678 Nymphidio
1037 3609 1133 3663 Sabino
1146 3610 1180 3664 G.
1197 3612 1225 3666 2.
1241 3615 1324 3668 iacit?

198 3707 283 3760 Taciti
301 3723 380 3758 manu
398 3706 504 3758 ductum
522 3707 580 3758 eum
599 3706 648 3758 hoc
665 3707 781 3760 omisisse
799 3707 920 3774 suspicor.

236 3805 373 3857 Praeterea
392 3804 548 3856 monendum
567 3811 606 3856 est
623 3803 655 3855 de
673 3803 762 3856 eadem
781 3822 808 3857 re
826 3805 902 3872 longe
920 3805 997 3856 aliam
1015 3804 1204 3880 rectioremque
1229 3825 1323 3862 narra·

198 3901 294 3953 tionem
313 3909 413 3954 exstare
431 3902 492 3954 Tac.
512 3903 581 3954 Anu.
596 3901 676 3952 XIII.
691 3902 733 3967 45,
748 3903 790 3956 46.
805 3903 836 3954 cf.
850 3902 881 3954 Α.
897 3902 1004 3954 Srnnn.
1019 3901 1171 3970 Agrippina,
1185 3903 1233 3957 die
1247 3905 1323 3959 Mut-

124 3975 139 4001 x
200 4006 238 4051 ter
256 3999 347 4051 Neros.
367 3999 464 4051 Berlin.
486 3998 561 4053 1867.
581 4017 638 4066 pgg.
665 3998 811 4053 193-208.
835 4000 871 4051 H.
896 3999 1048 4052 Semnan.
1072 3999 1166 4052 Gesch.
1191 4000 1219 4053 d.
1240 4003 1321 4055 Ram.

198 4095 374 4147 Kaiserreichs
392 4114 417 4148 u.
436 4096 461 4148 d.
480 4097 581 4163 Regier.
601 4095 625 4147 d.
646 4096 723 4148 Nero.
741 4096 830 4148 Berlin
846 4095 922 4151 1872.
941 4115 982 4164 pg.
1003 4097 1061 4150 119.
1081 4096 1242 4152 Plutarchus
1256 4117 1322 4154 vero

197 4192 350 4248 deteriorem
368 4192 544 4248 Historiarum
562 4193 735 4248 narrationem
753 4193 856 4266 recepit.
