3038 5190
876 506 898 570 4

379 695 483 761 Haud
507 693 615 760 multo
639 694 769 760 felicius
789 695 1055 762 Wrununannro
1075 693 1182 774 cessit,
1207 693 1266 780 qui
1287 693 1309 759 l.
1335 693 1361 758 l.
1391 715 1465 780 pgg

334 809 464 876 zac-57
489 809 692 895 scriptorum
716 829 883 875 consensu
906 808 1127 894 dissensuque
1151 807 1330 895 pensitatis
1348 814 1465 894 atquc

334 924 480 990 fontium
510 924 727 1005 indiciorum,
759 924 851 1011 apud
881 923 973 1010 ipsos
1003 929 1156 989 auctores
1185 923 1463 1004 occurrentium,

334 1039 465 1104 ratione
484 1038 612 1120 habita,
635 1038 783 1104 effecisse
802 1037 867 1104 sibi
890 1037 1026 1105 videtur
1052 1043 1109 1119 ,ut
1128 1038 1171 1103 de
1190 1036 1291 1103 rebus
1317 1037 1462 1103 Galbae

333 1152 469 1218 Tacitus
500 1159 533 1218 et
563 1152 765 1219 Plutarchus
799 1152 932 1233 Plinio,
968 1152 1148 1217 Suetonius
1178 1157 1211 1217 et
1243 1150 1463 1218 Plutarchus

334 1266 464 1349 Cluvio,
489 1266 654 1333 derebus
683 1267 828 1334 Othonis
851 1266 998 1347 Tacitus,
1023 1266 1214 1348 Suetonius,
1244 1265 1463 1333 Plutarchus

332 1381 444 1447 Plinio
462 1382 688 1448 communiter
704 1382 756 1447 usi
775 1381 875 1448 sint.''
892 1381 985 1446 Duas
1002 1381 1201 1468 praecipuas
1218 1402 1344 1462 causas,
1367 1403 1462 1468 quas

334 1496 558 1563 Wiedemann
595 1517 675 1562 suae
709 1495 863 1582 opinioni
886 1495 993 1576 affert,
1026 1517 1076 1561 sc:
1109 1496 1151 1561 dc
1182 1495 1282 1561 rebus
1317 1495 1460 1562 Galbae

334 1611 512 1697 scriptores
530 1611 579 1676 ita
593 1611 684 1676 inter
697 1631 732 1675 se
749 1610 884 1676 differre
901 1615 940 1675 ut
955 1609 1158 1676 Plutarchus
1173 1609 1350 1675 nonnullis
1367 1609 1460 1676 locis

334 1746 355 1789 a
377 1725 493 1791 Tacito
524 1725 709 1806 dissentiat,
741 1728 906 1809 congruat
935 1745 1014 1789 oum
1045 1723 1216 1804 Suetonio,
1247 1724 1285 1788 in
1316 1723 1458 1791 Galbae

334 1838 406 1906 vita
425 1844 476 1904 ter
495 1839 630 1904 easdem
650 1860 703 1904 res
725 1836 778 1903 bis
801 1838 994 1920 memorari,
1015 1838 1117 1925 plane
1140 1838 1331 1904 reiecerunt
1349 1839 1459 1905 Peter

332 1953 354 2019 l.
379 1953 400 2018 l.
433 1975 509 2039 pgg.
534 1954 587 2034 43,
610 1954 664 2036 44,
691 1954 807 2039 Lange
830 1952 852 2018 l.
876 1952 898 2018 l.
922 1974 978 2039 pg.
1003 1953 1055 2018 33.
1079 1953 1210 2039 Nempe
1233 1953 1298 2018 hac
1322 1952 1459 2019 dissen-

334 2067 427 2133 sione
450 2068 499 2133 nil
522 2067 615 2133 aliud
647 2067 842 2132 confirmari
873 2088 970 2153 posse
1001 2067 1067 2132 nisi
1091 2067 1291 2133 Suetonium
1314 2072 1347 2132 et
1370 2067 1458 2133 Plu·

291 2173 294 2178 ’
333 2181 490 2247 tarchum
510 2181 699 2247 accuratius
717 2183 847 2248 fontem
869 2181 1075 2267 inspexisse;
1099 2182 1325 2268 praeteream
1342 2181 1455 2249 Otho·

334 2296 387 2362 nis
410 2296 481 2363 vita
504 2296 606 2362 etiam
626 2296 728 2362 talem
746 2297 974 2363 differentiam
991 2301 1139 2378 exstare3
1160 2318 1260 2383 porro
1278 2297 1455 2365 nonnulla

333 2411 422 2476 facta
444 2431 515 2474 non
539 2410 611 2475 sine
633 2431 734 2476 causa
751 2411 876 2477 iterum
892 2411 1019 2477 tradita
1042 2432 1121 2492 esse,
1143 2411 1234 2498 quod
1250 2411 1356 2476 altero
1372 2409 1454 2478 loco

334 2546 425 2590 mere
448 2529 689 2606 memorentur,
707 2526 813 2591 altero
829 2526 916 2591 alius
938 2526 986 2592 rei
1007 2525 1226 2612 explicationi
1246 2525 1453 2600 inserviant.

377 2639 607 2708 Vehementer
635 2640 762 2707 erravit
788 2641 947 2706 Scaurus
979 2641 1015 2728 1),
1048 2641 1108 2727 qui
1134 2663 1189 2726 pg.
1222 2641 1243 2705 4
1267 2661 1454 2726 perperam

335 2754 506 2821 existimat
529 2753 751 2821 Plutarchum
775 2755 876 2821 hasce
899 2755 988 2822 vitas
1018 2755 1265 2842 conscripsisse,
1295 2754 1454 2836 „nullam

334 2873 534 2955 potestatem
565 2867 644 2934 sibi.
660 2891 775 2935 rerum
806 2869 981 2935 notionem
1012 2869 1235 2955 comparandi
1262 2868 1454 2937 habentem

335 2982 400 3047 nisi
424 3003 465 3047 ex
493 2988 671 3049 auctorum
694 2983 791 3049 libris
813 2984 944 3050 editis.''
972 2984 1066 3048 Inter
1088 2981 1198 3048 multa
1224 2983 1452 3050 Plutarchum

335 3096 459 3162 comite
478 3097 616 3163 Mestrio
640 3097 741 3163 Floro
765 3098 921 3164 Bedriaci
944 3118 1082 3184 campos
1098 3096 1215 3164 risisse
1236 3097 1287 3183 (Ο.
1309 3098 1360 3164 14.
1383 3100 1453 3187 18.)

333 3209 553 3278 obliviscitur.
575 3212 678 3278 Recte
702 3233 719 3278 e
742 3212 884 3299 Josephi
910 3211 994 3293 loco,
1018 3211 1112 3289 141.
1137 3211 1197 3279 IV.
1222 3213 1252 3277 9.
1277 3213 1322 3277 2.:
1339 3211 1452 3275 πάντα

334 3341 439 3395 ταῦτα
464 3331 618 3414 ὁιεξιέναι
644 3333 708 3411 μὲν
737 3332 787 3396 ἐπ’
820 3333 959 3415 ἀκριβὲς
984 3333 1234 3415 παρῃτησάμην,
1264 3331 1376 3414 suardo)
1408 3333 1452 3397 δι’

337 3447 442 3530 ὄχλου
468 3450 568 3511 πᾶσίν
587 3448 667 3523 ἐστι,
696 3451 751 3511 καλ
779 3447 917 3530 πολλοῖς
947 3447 1117 3531 Ἑλλήνων
1138 3468 1175 3511 τε
1201 3451 1256 3511 καὶ
1282 3448 1453 3528 Ῥωμαίων

336 3564 596 3646 ἀναγέγραπται.
618 3556 746 3642 colligit
761 3556 985 3624 Plutarchum
1005 3562 1038 3622 ct
1056 3556 1213 3622 Tacitum
1231 3557 1356 3622 multos
1373 3579 1452 3622 auo·

336 3676 424 3737 tores
454 3671 628 3737 consulere
659 3671 868 3758 potuisse.
901 3672 1000 3750 Quod
1030 3693 1067 3737 re
1102 3693 1183 3739 vera
1216 3672 1344 3737 factum
1379 3694 1452 3739 esse

371 3956 399 4025 2)
418 3958 450 4009 A.
470 3957 607 4009 Somnos.
627 3957 668 4010 Dc
686 3957 841 4024 quibusdam
859 3958 1005 4010 auctoribus
1023 3958 1155 4023 Romanis,
1174 3974 1239 4024 quos
1256 3958 1283 4008 in
1307 3957 1450 4009 describen-

337 4052 377 4104 dis
395 4069 521 4105 annorum
540 4053 574 4107 68
592 4061 618 4106 ct
636 4053 669 4108 69
688 4071 713 4122 p.
733 4053 761 4105 G.
781 4071 807 4106 n.
825 4054 903 4123 gestis
921 4054 1035 4118 Tacitus,
1048 4054 1202 4105 Plutarchus
1217 4053 1355 4105 Suetonius
1369 4055 1449 4105 secuti

338 4156 406 4213 sunt,
425 4158 469 4201 aut
487 4151 566 4203 secuti
585 4167 640 4202 esse
658 4150 780 4203 videntur
797 4152 838 4202 vel
856 4151 983 4202 dicuntur.
1002 4151 1092 4202 lenae.
1115 4150 1189 4203 1860.
