3038 5190
606 526 783 633 ω’

59 756 296 837 κολαζόμενος
317 757 408 836 αὐτῷ
431 764 480 835 τῷ
498 754 597 836 φόβῳ
617 765 676 836 τῆς
695 755 942 836 κολάσεως...
964 758 1019 817 ναὶ
1038 755 1182 840 νοσήμα-

61 886 119 934 σιν
141 873 334 954 ἀνηκέστως
355 872 513 951 σώματος
543 878 603 937 etc.
637 871 675 937 Ο.
708 874 738 937 b.
763 872 805 937 de
828 871 1016 938 Placentia:
1038 869 1183 950 ἔνδοξον

59 987 161 1049 πόλιν
181 989 238 1049 ναὶ
257 994 327 1048 τῶν
348 980 484 1048 Ἰταλῶν
506 985 663 1066 οὐδεμιᾶς
685 983 788 1067 ἦττον
809 985 991 1060 ἀνθοῦσαν,
1021 986 1059 1052 Ο.
1085 987 1114 1053 7.
1140 985 1182 1051 de

63 1103 249 1169 Cremona:
274 1101 396 1183 ἑτέραν
409 1101 507 1187 πόλιν
521 1100 704 1181 εὐδαίμονα
719 1104 773 1164 ναὶ
784 1102 951 1184 μεγάλην.
984 1103 1023 1169 Ο.
1057 1104 1108 1169 12.
1141 1102 1182 1167 de

63 1219 218 1286 Batavis:
244 1215 320 1278 Εἰσὶ
334 1208 373 1278 δὲ
395 1215 581 1298 Γερμανῶν
601 1219 707 1296 ἱιατεῑς
726 1217 863 1297 ἄριστοι,
885 1227 991 1298 νῆσον
1011 1219 1184 1296 αἰνοῦντες

61 1332 128 1395 ὑπὸ
142 1342 202 1395 τοῦ
218 1331 332 1413 Ῥήνου
344 1333 619 1413 περιρρεομένην.
644 1333 682 1399 Ο.
708 1334 759 1399 17.
784 1335 835 1398 De
859 1334 946 1398 miro
970 1333 1122 1420 militum
1142 1333 1181 1397 in

65 1449 241 1516 Othonem
264 1448 390 1514 studio:
405 1461 406 1464 ’
423 1445 509 1508 Ἀλλ’
539 1447 628 1510 ἔοικε
653 1446 773 1528 μηθενὶ
801 1457 871 1509 τῶν
899 1449 1034 1510 πώποτε
1061 1447 1180 1529 τυράν-

62 1581 200 1625 νων....
223 1561 333 1644 ὁεινός
355 1563 464 1642 οὕτως
485 1563 574 1643 ε’ρως
600 1563 869 1645 ἐνγενέσθαι....
891 1572 952 1625 τοῦ
980 1563 1105 1645 ἄρχειν,
1135 1563 1183 1642 ὡς

63 1679 187 1741 ἐνεῖναι
208 1686 268 1739 τοῦ
289 1676 452 1759 ἄρχεσθαι
472 1680 527 1740 ναὶ
540 1677 719 1741 ὑπακούειν
734 1677 884 1757 Ὄθωνος
898 1677 1097 1760 ἠράσθησαν
1120 1684 1181 1745 ete.

64 1794 104 1860 Ο,
128 1795 179 1860 18.
204 1794 246 1859 de
263 1793 426 1879 Verginio
450 1794 563 1859 denuo
586 1794 772 1880 imperium
795 1793 984 1860 abnuente:
1011 1792 1042 1856 Ὁ
1064 1792 1183 1874 δὲτὴν

63 1909 246 1989 ἡγεμονίαν
266 1907 472 1988 ἡττωμένων
492 1905 701 1987 παραλαβεῖν
717 1907 943 1988 νενιιιηνότων
957 1907 1182 1989 πρότερονμι)

62 2019 213 2102 θελήσας
231 2020 374 2100 μανικὸν
393 2022 516 2104 ἡγεῖτο·

110 2140 146 2202 20
169 2137 463 2217 Narratiunculae,
484 2137 561 2218 alia,
587 2159 673 2224 quae
697 2140 864 2205 memoria
888 2139 1049 2225 prodidit.
1074 2139 1183 2218 Quae-

62 2253 145 2317 dam
170 2252 264 2317 enim
289 2273 306 2317 e
329 2253 496 2317 memoria
519 2252 612 2317 hisce
632 2253 712 2319 vitis
736 2276 814 2319 eurn
834 2255 1015 2320 inseruisse
1035 2254 1183 2340 probant

62 2388 194 2432 errores
222 2366 329 2433 velut:
361 2367 401 2432 G.
431 2369 483 2433 20.
516 2367 716 2448 Asiaticum,
741 2369 873 2434 Vitellii
896 2369 1068 2449 libertum,
1093 2369 1182 2434 inter
1274 2404 1276 2408 Α

62 2482 197 2548 Galbae
221 2482 360 2548 libertos
380 2482 548 2547 nominat.
570 2482 613 2549 G.
634 2485 687 2548 23.
713 2483 796 2549 dicit
820 2485 979 2551 Crassum
1000 2491 1032 2550 et
1050 2484 1182 2550 Scribo-

61 2599 168 2679 niam,
204 2598 336 2663 Pisonis
371 2602 539 2684 parentes,
570 2598 716 2663 Neronis
749 2599 843 2666 iussu
876 2600 1070 2665 interfectos
1101 2623 1180 2666 esse.

61 2712 173 2793 Falso,
206 2733 289 2777 nam
321 2711 485 2777 Claudius
508 2733 565 2777 eos
591 2713 744 2777 interimi
775 2714 881 2780 iussit.
917 2716 1046 2780 Rerum
1070 2737 1090 2780 a
1114 2738 1182 2781 me-

61 2827 174 2892 moria
197 2827 427 2913 prosectarum
450 2827 595 2912 vestigia
617 2828 707 2893 inter
730 2829 830 2914 plura
853 2836 1034 2915 apparent:
1064 2852 1182 2896 versus

60 2941 194 3007 laudati
224 2940 367 3006 Hesiodi
399 2941 438 3006 G.
473 2942 524 3021 16,
549 2947 582 3007 et
611 2941 808 3007 Archilochi
834 2942 873 3007 G.
901 2944 952 3019 27,
988 2943 1028 3009 (Ξ.
1059 2946 1109 3010 19.
1140 2945 1181 3009 de

60 3056 200 3123 Othone
223 3055 509 3137 narratiunculae,
535 3078 619 3143 quas
642 3057 711 3122 iam
735 3058 968 3124 tractavimus.
994 3058 1033 3124 G.
1059 3060 1111 3126 27.
1138 3061 1180 3124 de

61 3170 170 3237 Fabio
201 3168 332 3235 Fabula
357 3169 487 3235 Galbae
511 3177 614 3257 eaput
636 3171 753 3237 hastae
777 3173 984 3258 praefigente
1008 3180 1110 3260 atquc
1134 3176 1182 3242 vi-

60 3287 194 3352 brante.
221 3284 260 3351 0.
286 3284 338 3350 15.
363 3285 405 3350 de
429 3285 537 3351 milite
560 3285 675 3371 gladio
699 3287 921 3354 incumbente
945 3295 1005 3355 etc.

107 3404 143 3466 30
166 3399 352 3486 Complura
372 3400 414 3466 de
439 3401 540 3466 rebus
563 3403 666 3486 gestis
688 3424 859 3468 annorum
881 3405 923 3468 68
944 3410 976 3469 et
997 3406 1038 3469 69
1059 3404 1177 3470 auditu

59 3517 105 3583 ad
140 3515 316 3582 Plutarchi
348 3515 506 3581 notitiam
530 3518 725 3601 pervenisse
749 3523 890 3584 constat.
915 3518 1015 3607 Quod
1047 3519 1181 3585 disertis

59 3631 175 3699 verbis
196 3631 269 3716 ipse
289 3636 431 3696 testatur
456 3631 494 3696 Ο.
520 3631 572 3696 14.
597 3629 686 3709 Ἐμοὶ
714 3630 753 3693 de*
780 3633 925 3713 ὕστερον
949 3631 1102 3696 ὁὸεθοντι
1127 3632 1179 3696 ded

58 3755 121 3810 τοῦ
139 3744 255 3808 πεὸίου
273 3743 447 3825 Μέστριος
480 3743 688 3825 Φλῶρος...
716 3746 926 3830 διηγεῖτο...
954 3747 1037 3811 toea
1065 3758 1180 3830 σῶρον

57 3859 257 3942 τηλικοῦτον
279 3865 340 3925 etc.
375 3859 451 3924 Hoc
482 3859 658 3926 Plutarchi
680 3862 744 3927 iter
760 3863 786 3949 1)
810 3869 1021 3928 memoratur
1044 3884 1180 3950 queque

100 4044 122 4109 l)
145 4043 206 4094 Non
232 4043 311 4093 semel
335 4060 395 4094 cnm
419 4043 447 4093 in
472 4043 550 4094 ltalia
574 4043 653 4095 fuisse
679 4045 796 4111 exposuit
823 4046 854 4096 R.
875 4045 1056 4097 Vonxntann'.
1081 4045 1178 4103 Lebcn,

56 4140 188 4192 Schriften
211 4139 264 4190 und
287 4139 452 4205 Philosophia
475 4140 520 4190 des
539 4141 662 4192 Plutarch
681 4160 731 4193 von
751 4142 909 4193 Chaeronea.
935 4143 1032 4194 Berlin.
1059 4142 1135 4195 1869.
1156 4143 1178 4192 Ι.

56 4256 116 4305 pgg.
137 4235 250 4301 {tt-38,
269 4236 312 4289 lo.

1024 4324 1045 4386 4
