3038 5190
891 544 933 609 46

355 745 439 806 strat
461 739 557 805 nullo
577 738 679 805 modo
701 758 919 804 communem
934 736 1065 801 fontem
1081 734 1181 801 statui
1198 756 1300 823 posse
1317 735 1380 801 sed
1405 757 1472 800 nos·

354 861 444 922 tram
467 854 671 921 sententiam
694 852 898 940 praevalere.
923 852 1122 918 Defensores
1145 851 1347 917 communis
1375 851 1471 917 fontis

355 971 448 1035 enim
463 991 582 1036 omnes
597 974 779 1036 autumant
793 967 902 1034 multo
918 967 1114 1052 diligentius
1129 961 1363 1059 Plutarchum
1377 965 1469 1031 illum

354 1085 484 1151 fontem
504 1086 660 1152 ¹secutum
683 1106 763 1151 esse.
788 1084 897 1170 Igitur
926 1083 1072 1164 Tacitus,
1105 1103 1192 1169 quae
1219 1081 1259 1146 in
1293 1080 1468 1147 communi

353 1200 447 1266 fonte
471 1200 652 1266 coniuncta
678 1205 784 1280 erant,
807 1199 891 1264 adeo
916 1196 1118 1284 dissipavit?
1145 1196 1289 1261 Summo
1313 1196 1392 1261 iure
1415 1196 1469 1261 Le·

349 1315 425 1400 'zius
447 1339 502 1402 pg.
527 1317 569 1381 29
592 1314 636 1380 ad
666 1314 751 1380 haec
781 1313 971 1379 concludit:
1000 1310 1075 1393 „Ab
1099 1312 1195 1376 omni
1225 1311 1325 1376 enim
1355 1309 1470 1399 proba·

354 1425 485 1497 bilitate
508 1430 678 1512 abhorret,
702 1429 859 1496 Tacitum
877 1450 964 1516 quae
980 1426 1073 1515 apud
1091 1432 1266 1493 auctorem
1288 1425 1468 1492 coniuncta
1505 1502 1508 1510 .

355 1546 541 1613 invenisset
563 1545 647 1612 adeo
671 1545 877 1611 diffudisse.’'

361 1652 364 1659 ’
398 1641 575 1727 Praeterea
595 1667 675 1727 sunt
696 1660 772 1742 loci,
787 1659 848 1726 ubi
867 1659 1044 1725 manifeste
1067 1656 1272 1723 Plutarchus
1295 1655 1466 1724 erraverit.

355 1775 509 1854 Quorum
533 1797 686 1842 errorum
709 1773 819 1861 culpa,
843 1773 922 1839 licet
944 1773 1049 1841 variis
1071 1771 1182 1838 modis
1205 1770 1337 1858 requiri
1358 1770 1488 1858 possit,⁸

353 1890 461 1972 facile,
484 1897 524 1956 ut
544 1912 626 1957 mox
645 1910 827 1977 exponam,
848 1888 1031 1954 Plutarcho
1047 1887 1155 1954 Taciti
1174 1882 1386 1953 narrationis
1402 1906 1467 1951 sen·

355 2028 430 2071 sum
449 2027 520 2071 non
543 2005 761 2093 perspicienti
778 2003 834 2071 vel
857 2025 936 2069 eum
964 2024 1087 2090 parum
1111 2006 1267 2069 accurate
1291 1998 1468 2067 adhibenti

357 2118 575 2185 attribuenda
596 2118 743 2208 videtur.

399 2234 434 2299 Si
456 2214 660 2300 Plutarchus
682 2255 753 2299 non
776 2227 902 2299 temere
925 2231 1053 2318 ubique
1076 2226 1233 2297 Tacitum
1254 2235 1393 2295 secutus
1412 2232 1466 2308 est,

356 2348 414 2413 sed
438 2348 622 2430 interdum,
646 2370 706 2414 suo
730 2348 870 2415 arbitrio
896 2367 987 2428 usus,
1011 2345 1111 2413 aliter
1131 2367 1171 2412 ac
1193 2345 1334 2411 Tacitus
1358 2344 1401 2410 de
1423 2364 1467 2408 10

357 2485 436 2529 rum
458 2463 588 2529 ratione
611 2464 788 2548 iudicavit,
810 2463 886 2545 loci,
909 2462 971 2529 ubi
993 2462 1102 2530 Taciti
1132 2461 1309 2549 propriam
1342 2458 1467 2547 opinio

355 2598 435 2641 nem
457 2578 636 2665 impugnet
666 2578 720 2645 vel
751 2578 877 2665 partim
908 2577 1048 2658 reiiciat,
1080 2570 1304 2644 inveniantur
1336 2593 1467 2640 necesse

356 2697 414 2756 est.
440 2689 552 2777 Atque
571 2692 674 2757 huius
696 2692 745 2757 rei
759 2691 902 2778 vestigia
922 2686 979 2759 ¹vel
996 2691 1146 2756 maxime
1166 2695 1321 2755 nostram
1338 2693 1467 2755 senten-

356 2804 440 2870 tiam
462 2804 599 2871 firmare
620 2805 762 2892 quisque
778 2805 953 2891 intellegit.
971 2806 1117 2872 Ite-vera
1133 2807 1248 2870 autem
1263 2798 1468 2869 documenta

355 2918 433 2984 talis
454 2920 584 3006 proprii
606 2919 781 2986 Plutarchi
799 2916 928 3002 iudicii,
952 2942 973 2986 a
996 2920 1113 2986 Tacito
1131 2914 1268 3000 diversi,
1293 2936 1467 2985 occurrere

356 3054 448 3114 mox,
479 3038 517 3098 ut
539 3055 646 3120 spero,
678 3034 864 3121 apparebit.
897 3035 1007 3121 Supra
1034 3056 1089 3120 pg.
1115 3035 1167 3114 21,
1191 3032 1335 3129 laudavi
1359 3055 1469 3101 exem·

357 3148 454 3235 plum
477 3170 497 3213 a
520 3148 782 3215 Gersteneokero
813 3150 985 3237 prolatum
1015 3171 1067 3215 sc:
1092 3150 1129 3216 Τ.
1154 3149 1200 3214 Η.
1226 3148 1272 3214 ΙΙ.
1297 3149 1352 3215 44.
1377 3155 1412 3215 01
1433 3151 1467 3216 Ρ.

358 3262 397 3329 Ο.
415 3264 457 3328 14
476 3253 518 3328 de
538 3254 719 3356 corporum
738 3260 858 3333 acervo
874 3266 911 3330 iu
928 3287 1045 3353 pugna
1060 3259 1289 3330 Bedriacensi.
1306 3264 1432 3352 Haupt
1446 3266 1470 3353 1)

356 3377 419 3442 hos
448 3376 538 3442 locos
562 3383 746 3464 comparat,
770 3400 855 3465 quos
878 3385 966 3445 recte
993 3380 1352 3465 demonstrare‘putat
1375 3378 1471 3446 'Paci-

357 3496 431 3556 tum
454 3496 556 3577 atque
578 3491 801 3558 Plutarchum
824 3494 964 3560 omnino
988 3516 1058 3560 non
1081 3494 1229 3560 eundem
1255 3493 1392 3561 fontem
1415 3495 1472 3561 ha·

358 3603 437 3670 bere
458 3605 615 3690 potuisse.
639 3606 676 3672 T.
709 3608 754 3673 H.
778 3608 823 3674 II.
848 3609 900 3675 37.
928 3609 1116 3690 „Invenio
1140 3609 1246 3696 apud
1274 3609 1471 3695 quosdam

358 3715 539 3784 auctores
568 3739 693 3805 pavore
724 3720 806 3787 belli
836 3743 895 3787 seu
922 3723 1058 3790 fastidio
1088 3724 1266 3810 utriusque
1302 3723 1473 3813 principis

360 3884 471 3898 .....
489 3831 659 3899 dubitasse
683 3836 849 3901 exercitus
878 3835 970 3922 (ante
996 3860 1149 3924 pugnarn
1180 3837 1475 3929 Bedriacensem),

359 3968 444 4013 num
466 3947 575 4033 posito
599 3950 782 4016 certamine
804 3949 869 4018 vel'
889 3952 954 4038 ipsi
985 3954 1022 4018 in
1045 3954 1199 4020 medium
1224 3953 1477 4039 consultarent,

395 4200 420 4258 1)
439 4198 531 4250 Philol.
551 4201 715 4254 Rundschau.
735 4204 757 4254 I.
776 4221 817 4270 pg.
836 4205 896 4258 956.
