3038 5190
613 530 676 596 109

78 727 139 787 καὶ
152 732 222 787 τῶν
236 722 465 805 συγκλητικῶν
485 723 565 803 τούς
584 722 763 804 παρόντας.
785 762 819 770 -
845 720 885 786 Οἱ
903 722 972 804 γὰρ
993 730 1194 803 στρατιῶται

81 842 156 896 τῶν
177 831 406 914 συγκλητικῶν
426 842 496 912 τοῖς
517 833 647 895 ἀπιοῦσι
668 830 866 913 ὁιηπελλουν.
881 837 914 898 et
929 854 1001 918 cap.
1024 832 1082 899 17:
1099 830 1199 895 πυθύ

78 966 189 1027 μενος
208 947 387 1029 γεγονέναι
407 955 478 1026 τοῖς
499 946 741 1028 ἀπερχομένοις
762 941 811 1008 ὧν
832 945 975 1025 ἕκαστος
1004 945 1147 1028 ἔχρῃζεν
1167 952 1199 1012 et

83 1060 406 1149 conmutationem
421 1068 490 1123 τῶν
505 1058 734 1142 συγκλητικῶν
749 1061 860 1140 ἐνίους
874 1061 922 1123 ἔτι
936 1070 1096 1141 παρεῖναι.
1105 1062 1142 1128 Τ.
1152 1062 1197 1128 Η.

82 1177 131 1243 Π.
148 1178 200 1242 48.
226 1177 329 1259 ,Dari
352 1198 456 1244 naves
480 1198 519 1242 ac
541 1175 700 1244 vehicula
724 1176 928 1243 abeuntibus
950 1175 1077 1243 iubet.''
1102 1176 1199 1241 Exis-

82 1291 169 1357 timo
193 1291 366 1359 Othonem
387 1291 592 1359 abeuntibus
611 1290 794 1372 γράμματα
814 1289 994 1353 ἐπιστεῖλαι
1018 1297 1079 1357 etc.
1104 1291 1198 1356 Num

84 1406 200 1492 igitur,
222 1407 332 1474 deleta
355 1407 545 1493 negatione,
569 1406 766 1468 ἀπιοῦσιν
787 1406 971 1493 legendum
995 1406 1067 1472 est‘?

130 1589 227 1672 cap.
251 1594 307 1659 18.

125 1703 231 1767 Εῖὸον
257 1744 290 1753 -
315 1707 371 1767 καὶ
395 1714 509 1788 μνῆμα
534 1705 674 1786 μέτριον
701 1706 756 1767 καὶ
784 1705 845 1787 τὴν
873 1704 1062 1786 ἐπιγραφὴν
1090 1703 1199 1783 οὕτως

84 1819 241 1902 ἔχουσαν,
271 1821 302 1883 εἰ
328 1818 589 1901 αεταφρασθελη·
620 1817 828 1901 »Δηλώσει
850 1817 997 1899 Μάρκου
1017 1815 1198 1897 ’οθωνος“.

84 1934 165 2001 Iure
187 1935 309 2022 Hardy
331 1936 573 2002 correctionem
596 1934 758 2001 Lobeckii
777 1934 815 1999 in
836 1939 971 2001 textum
993 1934 1129 2021 recepit,
1153 1955 1196 1999 so.

86 2048 277 2128 Δαίμοσι,
298 2051 359 2116 Dis
382 2050 551 2118 Manibus,

132 2228 312 2314 Οὐεργινίῳ
334 2232 373 2296 di
393 2199 520 2316 Ῥύύφῳ
534 2235 715 2317 πράγματα
729 2244 889 2315 παρεῖχον
903 2234 959 2320 (sc.
975 2233 1113 2318 milites)
1130 2232 1198 2310 ἅμα

86 2353 158 2425 τοῖς
178 2345 293 2427 ὅπλοις
313 2346 475 2428 ἐλθόντες
504 2348 556 2411 ἐπὶ
577 2349 638 2431 τὴν
660 2351 765 2411 οἰκίαν
791 2350 847 2411 καὶ
875 2346 1199 2426 κατακαλοῦντες

87 2454 184 2540 αὖθις
196 2462 251 2537 καὶ
262 2456 575 2543 [κατα]κελεύοντες
596 2464 712 2545 ἄρχειν
725 2465 745 2545 ἢ
760 2461 958 2544 πρεσβεύειν
978 2461 1061 2544 ὑπὲρ
1076 2462 1197 2524 αὐτῶν.

133 2574 291 2642 Schaefer
313 2599 343 2644 a.
368 2579 401 2643 h.
427 2578 464 2645 l.:
496 2579 605 2660 ,Vide
636 2600 679 2645 ne
711 2575 933 2660 ὁιττογραφλα
961 2576 1062 2643 huno
1085 2576 1199 2642 locum

87 2690 285 2777 corruperit.
317 2693 405 2759 Mihi
435 2694 572 2762 videtur
603 2692 807 2760 Plutarchus
834 2714 904 2758 non
935 2692 1106 2779 scripsisse
1132 2692 1199 2758 nisi

87 2803 186 2870 haec:
210 2804 372 2889 ἐλθόντες
392 2808 444 2870 ἐπὶ
463 2810 525 2891 τὴν
546 2810 651 2871 οἰκίαν
671 2809 727 2870 καὶ
746 2805 946 2887 κελεύοντες
967 2801 1063 2886 αθθις
1083 2806 1200 2887 ἄρχειν

86 2924 149 2984 etc.
173 2924 288 2989 καλεῖν
309 2931 343 2992 et
362 2922 513 2986 κελεύειν
534 2925 660 3010 passim
684 2922 972 2989 confunduntur.''

132 3041 304 3129 Equidem
328 3041 480 3127 suspicor
494 3039 719 3106 Plutarchum
738 3037 854 3125 paullo
874 3038 980 3102 fusius
996 3036 1105 3103 Taciti
1128 3057 1201 3103 ver-

88 3156 136 3224 ba
157 3157 353 3238 reddidisse,
377 3156 423 3222 H.
447 3156 492 3221 II.
516 3155 568 3221 51.
596 3154 660 3236 ,ad
683 3153 887 3240 Verginium
909 3151 998 3220 versi
1021 3151 1135 3231 modo,
1161 3155 1200 3216 ut

89 3277 255 3363 reciperet
273 3275 468 3363 imperium,
485 3295 588 3356 nuno,
608 3279 647 3340 ut
665 3273 833 3361 legatione
853 3272 945 3359 apud
963 3271 1144 3338 Caecinam
1161 3289 1202 3335 ac

88 3391 273 3459 Valentem
303 3391 511 3476 fungeretur,
540 3388 739 3455 minitantes
769 3387 944 3454 orabant.''
974 3385 1074 3466 Quod
1104 3383 1131 3449 si
1154 3383 1202 3449 ita

90 3512 151 3588 est,
179 3527 241 3592 pro
263 3503 537 3583 κατακαλοῦντες
558 3503 759 3591 legendum:
782 3498 1094 3578 ἀνακαλοῦντες,
1118 3519 1200 3564 nam

90 3619 311 3701 ἀναγορεύειν
325 3619 380 3688 vel
395 3616 576 3681 ἀνακαλεῖν
597 3617 766 3705 significat
784 3615 1004 3683 consalutare.
1019 3613 1202 3699 Verginius

89 3736 162 3800 iam
181 3739 283 3800 antea
304 3735 341 3799 in
362 3733 547 3800 Germania
562 3732 748 3819 imperator
767 3730 1007 3809 consalutatus,
1031 3749 1124 3793 nunc
1143 3727 1202 3792 ite·

89 3870 169 3915 rum
192 3849 432 3916 consalutatur.
462 3844 562 3908 Κατά
589 3846 626 3911 in
649 3844 935 3922 κατακελεύοντες
965 3864 1044 3908 cum
1067 3841 1200 3908 Sinteni

90 3985 153 4052 pcr
175 3963 441 4050 dittographiam
466 3983 483 4027 ο
504 3961 561 4022 καί
579 3967 690 4027 ortum
715 3981 785 4025 esse
807 3963 900 4046 puto.
