3038 5190
616 554 657 619 69

79 772 154 816 eam
174 747 302 816 Galbae
326 748 464 817 obviam
484 748 569 813 iisse.
598 748 797 814 Jiinemann
820 768 896 832 pgg.
926 747 978 826 13,
1004 747 1054 811 14.
1081 745 1187 833 expli·

81 887 155 931 care
168 865 280 931 studet
291 864 383 930 unde
394 865 521 930 factum
535 863 578 928 sit
590 869 629 928 ut
644 861 846 928 Plutarchus
858 861 1029 928 erraverit.
1057 862 1189 943 „Quare

79 978 300 1046 Plutarchum
332 978 498 1046 eiusmodi
525 976 656 1064 aliquid
688 977 729 1042 de
754 976 904 1042 numeris
928 976 1080 1061 legionis,
1105 998 1189 1063 quos

78 1089 167 1160 Nero
193 1118 210 1161 e
234 1094 412 1161 classiariis
435 1093 570 1174 creavit,
599 1091 691 1179 apud
715 1113 793 1157 eum
817 1096 989 1158 auctorem
1013 1112 1115 1177 quem
1142 1113 1190 1157 se-

78 1215 175 1274 cutus
194 1215 252 1291 est,
277 1210 440 1297 scriptum
455 1207 626 1274 invenisse
645 1213 818 1294 putamus;
843 1205 902 1271 sed
925 1205 1068 1292 scriptor
1089 1207 1189 1273 Grae·

78 1345 137 1389 cus
161 1345 200 1390 ea
218 1324 323 1392 verba
342 1324 435 1390 haud
457 1328 547 1389 recte
566 1323 805 1408 interpretatus
825 1321 887 1386 hos
907 1321 1094 1387 classiarios
1121 1315 1189 1388 eos·

77 1442 158 1508 dem
180 1438 386 1505 intellexisse
410 1438 554 1518 videtur,
578 1458 620 1502 ex
645 1435 768 1522 quibus
794 1436 883 1502 Nero
911 1435 1081 1522 legionem
1108 1435 1189 1503 olas·

29 1531 34 1556 Ι
76 1556 182 1621 sicam
203 1553 479 1640 conscripserat.''
497 1551 653 1618 Concedo
673 1551 813 1637 quidem
836 1550 1019 1618 Plutarcho
1032 1569 1189 1618 ‘errorem

74 1671 162 1739 vitio
175 1669 260 1737 verti
276 1690 382 1760 posse,
399 1668 458 1734 sed
476 1669 615 1734 fortasse
627 1664 757 1732 librarii
777 1665 877 1752 culpa
891 1667 988 1732 inest.
1006 1668 1075 1733 Fac
1097 1663 1188 1729 οὗτοι

76 1809 120 1853 ex
143 1782 204 1848 οἱοι
229 1790 427 1871 corruptum
446 1804 526 1864 esse,
543 1788 625 1848 tunc
644 1781 774 1847 bonum
790 1780 921 1846 bonum
938 1802 1074 1847 sensum
1094 1803 1188 1868 prae·

74 1903 162 1969 bent
177 1901 282 1969 verba
306 1896 367 1962 οἱοι
388 1897 427 1961 δὲ
448 1896 535 1980 ἦσαν
561 1937 596 1946 -
626 1897 778 1978 ἀπέφηνε
801 1897 1018 1978 στρατιώτας.
1039 1919 1086 1964 sc:
1108 1919 1188 1984 qua-

73 2018 126 2084 les
149 2022 255 2098 erant,
279 2038 363 2103 quos
382 2016 472 2082 Nero
488 2016 526 2081 in
546 2036 652 2081 unam
672 2014 842 2099 legionem
858 2013 1064 2099 conscriptos
1082 2013 1188 2078 iustos

74 2132 203 2198 milites
226 2133 359 2198 fecerat.
383 2130 526 2197 Adiecta
547 2136 625 2196 sunt
644 2131 783 2196 fortasse
805 2152 825 2196 a
849 2127 1032 2194 Plutarcho
1053 2127 1096 2194 ad
1118 2135 1187 2189 τῶν

72 2249 215 2329 ἐρετῶν,
246 2253 285 2313 ut
314 2247 530 2333 intellegatur
561 2245 757 2326 classiarios,
783 2243 930 2311 Galbam
948 2243 1106 2330 precibus
1130 2244 1187 2310 ad-

72 2369 202 2443 euntes,
222 2363 326 2428 iustos
342 2362 467 2428 milites
484 2361 624 2448 quidem
639 2362 744 2428 factos
761 2382 841 2442 esse,
859 2381 969 2447 neque
986 2381 1067 2427 vero
1081 2358 1186 2446 plane
1206 2399 1209 2404 >

71 2479 111 2544 in
135 2477 304 2564 legionem
327 2478 543 2564 conscriptos.

119 2591 215 2672 Gap.
228 2594 280 2661 17.
297 2591 486 2678 Tigellinus
501 2591 668 2679 supplicio
684 2613 754 2658 non
770 2591 924 2672 afficitur,
943 2613 1024 2656 nam
1043 2589 1186 2670 ἐφάἀνει

69 2704 112 2768 ἀὲ
134 2704 152 2768 ἀ
173 2715 332 2787 γενναῖος
345 2704 559 2788 προειληφὼς
578 2704 752 2786 ἀρραβῶσι
772 2703 934 2786 μεγάλοις
957 2703 1016 2767 τὸν
1045 2704 1185 2769 Οὐίνιον.

115 2821 249 2889 Diversi
273 2822 452 2908 scriptores
469 2822 663 2908 discrepant
678 2821 715 2886 in
732 2809 895 2888 solvenda
912 2821 1109 2909 quaestione
1124 2844 1183 2888 cur

67 2933 259 3021 Tigellinus
282 2960 302 3003 a
326 2936 435 3004 Galba
456 2959 525 3002 non
549 2937 716 3024 supplicio
739 2937 878 3003 affectus
902 2937 954 3002 sit.
980 2937 1058 3003 Tac.
1083 2937 1127 3002 H.
1153 2938 1181 3004 I.

68 3051 124 3118 72.
152 3051 263 3138 ,apud
283 3050 429 3120 Galbam
453 3052 521 3118 Titi
545 3052 640 3119 Vinii
668 3052 820 3138 potentia
849 3052 1006 3129 defensus
1029 3058 1183 3138 praetex-

67 3165 159 3231 entis
183 3171 352 3234 servatam
376 3166 419 3233 ab
443 3189 482 3233 eo
505 3166 623 3250 filiam3
651 3167 744 3234 haud
765 3166 867 3233 dubie
895 3173 1088 3235 servaverat
1111 3190 1182 3234 non

67 3278 261 3361 clementia,
282 3280 408 3368 quippe
424 3288 473 3348 tot
487 3281 682 3363 interfectis,
704 3282 761 3347 sed
778 3283 941 3367 effugium
960 3283 997 3348 in
1017 3285 1180 3365 futurum,

68 3394 152 3482 quia
175 3396 340 3482 pessimus
371 3398 513 3485 quisque
544 3397 734 3464 diffidentia
764 3398 994 3485 praesentium
1025 3401 1181 3466 mutatio-

67 3531 151 3575 nem
170 3532 299 3597 pavens
321 3512 483 3580 adversus
507 3512 683 3600 publicum
707 3513 825 3580 odium
845 3498 1015 3601 privatam
1034 3515 1179 3600 gratiam

66 3626 282 3711 praeparat.''
299 3625 334 3692 G.
354 3627 428 3694 Di0.
448 3629 499 3694 64.
521 3631 550 3694 3.
572 3628 747 3715 quandam
767 3628 896 3695 Galbae
916 3628 1179 3697 obstinationem

67 3759 206 3805 causam
223 3761 293 3806 esse
310 3740 402 3807 dicit.
419 3749 467 3821 τῷ
489 3739 528 3803 dt
549 3740 642 3826 δήμῳ
664 3742 799 3824 σφόὸρα
821 3741 967 3823 ἀξιοῦντι
987 3742 1048 3807 τὸν
1069 3743 1179 3826 Τιγελ-

65 3852 166 3916 λῖνον
181 3893 215 3901 -
233 3853 424 3930 ἀποθανεῖν,
441 3859 506 3940 οὐχ
523 3857 644 3939 ὑπεῖξε,
666 3857 739 3940 τάχ’
760 3858 803 3920 ἀν
824 3859 1021 3939 ἀποκτείνας
1048 3861 1179 3942 αὐτοὺς,
1203 3879 1204 3884 ’

65 3970 99 4032 εἰ
117 3968 163 4050 μὴ
184 3969 306 4032 ἐκεῖνοι
326 3971 416 4035 τοῦτ’
438 3974 614 4054 ᾑτήνεσαν.
637 3974 726 4042 Suet.
751 3976 790 4042 G.
816 3975 868 4041 15.
900 3975 969 4056 ,At
989 3982 1107 4042 contra
1130 3979 1180 4043 ni·

63 4082 120 4150 hil
143 4105 213 4152 non
233 4108 294 4173 per
317 4089 456 4154 comites
479 4094 579 4176 atque
607 4089 744 4155 libertos
772 4091 880 4177 pretio
905 4090 1019 4157 addici
1042 4098 1100 4157 aut
1124 4093 1180 4158 do·

62 4199 144 4266 nari
172 4202 281 4288 gratia
310 4225 428 4290 passus
458 4209 507 4272 est
537 4244 581 4254 -
608 4205 831 4293 impunitates
857 4206 1049 4273 noxiorum.
1082 4207 1174 4286 Quin
