<?xml version="1.0" encoding="UTF-8"?>
<!DOCTYPE html PUBLIC "-//W3C//DTD XHTML 1.0 Transitional//EN"
    "http://www.w3.org/TR/xhtml1/DTD/xhtml1-transitional.dtd">
<html xmlns="http://www.w3.org/1999/xhtml" xml:lang="en" lang="en">
 <head>
  <title>
</title>
<meta http-equiv="Content-Type" content="text/html;charset=utf-8" />
  <meta name='ocr-system' content='tesseract 3.04.00' />
  <meta name='ocr-capabilities' content='ocr_page ocr_carea ocr_par ocr_line ocrx_word'/>
</head>
<body>
  <div class='ocr_page' id='page_1' title='image "./studiainplutarc00almagoog_0130.png"; bbox 0 0 3038 5190; ppageno 0'>
   <div class='ocr_carea' id='block_1_1' title="bbox 741 534 782 597">
    <p class='ocr_par' dir='ltr' id='par_1_1' title="bbox 741 534 782 597">
     <span class='ocr_line' id='line_1_1' title="bbox 741 534 782 597; baseline 0 0"><span class='ocrx_word' id='word_1_1' title='bbox 741 534 782 597; x_wconf 86' lang='lat'>93</span> 
     </span>
    </p>
   </div>
   <div class='ocr_carea' id='block_1_2' title="bbox 199 723 1317 1597">
    <p class='ocr_par' dir='ltr' id='par_1_2' title="bbox 200 723 1317 1270">
     <span class='ocr_line' id='line_1_2' title="bbox 201 723 1311 810; baseline 0.001 -21"><span class='ocrx_word' id='word_1_2' title='bbox 201 729 243 790; x_wconf 90' lang='lat' dir='ltr'>ut</span> <span class='ocrx_word' id='word_1_3' title='bbox 273 724 309 789; x_wconf 89' lang='lat' dir='ltr'>in</span> <span class='ocrx_word' id='word_1_4' title='bbox 340 724 458 790; x_wconf 89' lang='lat' dir='ltr'>ceteris</span> <span class='ocrx_word' id='word_1_5' title='bbox 487 723 568 791; x_wconf 83' lang='lat' dir='ltr'>vitis</span> <span class='ocrx_word' id='word_1_6' title='bbox 596 723 632 788; x_wconf 94' lang='lat' dir='ltr'>in</span> <span class='ocrx_word' id='word_1_7' title='bbox 663 723 719 788; x_wconf 91' lang='lat' dir='ltr'>his</span> <span class='ocrx_word' id='word_1_8' title='bbox 751 744 886 810; x_wconf 89' lang='lat' dir='ltr'>quoque</span> <span class='ocrx_word' id='word_1_9' title='bbox 916 723 1025 793; x_wconf 90' lang='lat' dir='ltr'>multa</span> <span class='ocrx_word' id='word_1_10' title='bbox 1055 723 1169 790; x_wconf 86' lang='lat' dir='ltr'>adhuc</span> <span class='ocrx_word' id='word_1_11' title='bbox 1195 723 1311 806; x_wconf 86' lang='lat' dir='ltr'>latent,</span> 
     </span>
     <span class='ocr_line' id='line_1_3' title="bbox 202 836 1311 925; baseline 0.001 -21"><span class='ocrx_word' id='word_1_12' title='bbox 202 860 292 925; x_wconf 89' lang='lat' dir='ltr'>quae</span> <span class='ocrx_word' id='word_1_13' title='bbox 315 839 520 905; x_wconf 80' lang='lat' dir='ltr'>correctione</span> <span class='ocrx_word' id='word_1_14' title='bbox 550 839 735 924; x_wconf 81' lang='lat' dir='ltr'>indigeant.</span> <span class='ocrx_word' id='word_1_15' title='bbox 768 836 965 924; x_wconf 84' lang='lat' dir='ltr'>Antequam</span> <span class='ocrx_word' id='word_1_16' title='bbox 995 838 1039 904; x_wconf 87' lang='lat' dir='ltr'>ad</span> <span class='ocrx_word' id='word_1_17' title='bbox 1063 860 1135 904; x_wconf 89' lang='lat' dir='ltr'>rem</span> <span class='ocrx_word' id='word_1_18' title='bbox 1159 839 1311 905; x_wconf 79' lang='lat' dir='ltr'>criticam</span> 
     </span>
     <span class='ocr_line' id='line_1_4' title="bbox 202 953 1315 1035; baseline 0.001 -16"><span class='ocrx_word' id='word_1_19' title='bbox 202 955 430 1020; x_wconf 87' lang='lat' dir='ltr'>exercendam</span> <span class='ocrx_word' id='word_1_20' title='bbox 460 975 516 1020; x_wconf 90' lang='lat' dir='ltr'>me</span> <span class='ocrx_word' id='word_1_21' title='bbox 546 955 691 1035; x_wconf 83' lang='lat' dir='ltr'>confero,</span> <span class='ocrx_word' id='word_1_22' title='bbox 726 953 866 1018; x_wconf 89' lang='lat' dir='ltr'>lectores</span> <span class='ocrx_word' id='word_1_23' title='bbox 896 953 1044 1019; x_wconf 91' lang='lat' dir='ltr'>monitos</span> <span class='ocrx_word' id='word_1_24' title='bbox 1078 953 1156 1021; x_wconf 92' lang='lat' dir='ltr'>volo</span> <span class='ocrx_word' id='word_1_25' title='bbox 1189 954 1315 1020; x_wconf 89' lang='lat' dir='ltr'>Hardi·</span> 
     </span>
     <span class='ocr_line' id='line_1_5' title="bbox 200 1067 1317 1156; baseline -0.001 -21"><span class='ocrx_word' id='word_1_26' title='bbox 200 1092 265 1135; x_wconf 92' lang='lat' dir='ltr'>um</span> <span class='ocrx_word' id='word_1_27' title='bbox 287 1070 416 1136; x_wconf 91' lang='lat' dir='ltr'>Introd.</span> <span class='ocrx_word' id='word_1_28' title='bbox 433 1091 510 1156; x_wconf 84' lang='lat' dir='ltr'>pgg.</span> <span class='ocrx_word' id='word_1_29' title='bbox 529 1069 702 1139; x_wconf 83' lang='lat'>111-123</span> <span class='ocrx_word' id='word_1_30' title='bbox 719 1067 862 1154; x_wconf 90' lang='lat' dir='ltr'>plenum</span> <span class='ocrx_word' id='word_1_31' title='bbox 884 1068 999 1133; x_wconf 80' lang='lat' dir='ltr'>Mssum</span> <span class='ocrx_word' id='word_1_32' title='bbox 1022 1067 1212 1156; x_wconf 78' lang='lat' dir='ltr'>Eddumque</span> <span class='ocrx_word' id='word_1_33' title='bbox 1237 1068 1317 1136; x_wconf 84' lang='lat' dir='ltr'>Gal-</span> 
     </span>
     <span class='ocr_line' id='line_1_6' title="bbox 201 1182 1314 1270; baseline -0.001 -20"><span class='ocrx_word' id='word_1_34' title='bbox 201 1182 270 1250; x_wconf 86' lang='lat' dir='ltr'>bae</span> <span class='ocrx_word' id='word_1_35' title='bbox 293 1189 393 1270; x_wconf 90' lang='lat' dir='ltr'>atque</span> <span class='ocrx_word' id='word_1_36' title='bbox 417 1183 563 1250; x_wconf 90' lang='lat' dir='ltr'>Othonis</span> <span class='ocrx_word' id='word_1_37' title='bbox 586 1183 675 1253; x_wconf 84' lang='lat' dir='ltr'>vitas</span> <span class='ocrx_word' id='word_1_38' title='bbox 698 1183 948 1248; x_wconf 89' lang='lat' dir='ltr'>continentium</span> <span class='ocrx_word' id='word_1_39' title='bbox 979 1188 1199 1269; x_wconf 88' lang='lat' dir='ltr'>conspectum</span> <span class='ocrx_word' id='word_1_40' title='bbox 1223 1184 1314 1250; x_wconf 83' lang='lat' dir='ltr'>dare.</span> 
     </span>
    </p>

    <p class='ocr_par' dir='ltr' id='par_1_3' title="bbox 199 1296 1315 1597">
     <span class='ocr_line' id='line_1_7' title="bbox 247 1296 1315 1386; baseline -0.002 -22"><span class='ocrx_word' id='word_1_41' title='bbox 247 1298 341 1377; x_wconf 74' lang='lat' dir='ltr'>Quae</span> <span class='ocrx_word' id='word_1_42' title='bbox 363 1303 553 1386; x_wconf 91' lang='lat' dir='ltr'>sequuntur</span> <span class='ocrx_word' id='word_1_43' title='bbox 583 1296 696 1363; x_wconf 89' lang='lat' dir='ltr'>studia</span> <span class='ocrx_word' id='word_1_44' title='bbox 726 1302 899 1384; x_wconf 84' lang='lat' dir='ltr'>exponent</span> <span class='ocrx_word' id='word_1_45' title='bbox 926 1318 1023 1383; x_wconf 89' lang='lat' dir='ltr'>quae,</span> <span class='ocrx_word' id='word_1_46' title='bbox 1047 1298 1178 1364; x_wconf 87' lang='lat' dir='ltr'>ratione</span> <span class='ocrx_word' id='word_1_47' title='bbox 1201 1320 1315 1365; x_wconf 88' lang='lat' dir='ltr'>recen-</span> 
     </span>
     <span class='ocr_line' id='line_1_8' title="bbox 199 1410 1313 1494; baseline -0.001 -16"><span class='ocrx_word' id='word_1_48' title='bbox 199 1414 328 1478; x_wconf 88' lang='lat' dir='ltr'>tiorum</span> <span class='ocrx_word' id='word_1_49' title='bbox 350 1413 621 1479; x_wconf 89' lang='lat' dir='ltr'>coniecturarum</span> <span class='ocrx_word' id='word_1_50' title='bbox 641 1411 768 1494; x_wconf 89' lang='lat' dir='ltr'>habita,</span> <span class='ocrx_word' id='word_1_51' title='bbox 785 1411 822 1476; x_wconf 93' lang='lat' dir='ltr'>in</span> <span class='ocrx_word' id='word_1_52' title='bbox 842 1410 991 1478; x_wconf 82' lang='lat' dir='ltr'>Sintenis</span> <span class='ocrx_word' id='word_1_53' title='bbox 1012 1413 1160 1479; x_wconf 86' lang='lat' dir='ltr'>editione</span> <span class='ocrx_word' id='word_1_54' title='bbox 1180 1412 1313 1479; x_wconf 89' lang='lat' dir='ltr'>minore</span> 
     </span>
     <span class='ocr_line' id='line_1_9' title="bbox 201 1505 882 1597; baseline 0.007 -5"><span class='ocrx_word' id='word_1_55' title='bbox 201 1528 370 1594; x_wconf 86' lang='lat' dir='ltr'>mutanda</span> <span class='ocrx_word' id='word_1_56' title='bbox 392 1526 447 1596; x_wconf 86' lang='lat' dir='ltr'>vel</span> <span class='ocrx_word' id='word_1_57' title='bbox 469 1505 634 1593; x_wconf 88' lang='lat' dir='ltr'>tentanda</span> <span class='ocrx_word' id='word_1_58' title='bbox 657 1547 822 1592; x_wconf 80' lang='lat' dir='ltr'>censeam.</span> <span class='ocrx_word' id='word_1_59' title='bbox 880 1591 882 1597; x_wconf 92' lang='lat'>.</span> 
     </span>
    </p>
   </div>
   <div class='ocr_carea' id='block_1_3' title="bbox 200 1661 1316 4285">
    <p class='ocr_par' dir='ltr' id='par_1_4' title="bbox 245 1661 1314 1982">
     <span class='ocr_line' id='line_1_10' title="bbox 586 1661 920 1732; baseline -0.012 0"><span class='ocrx_word' id='word_1_60' title='bbox 586 1662 700 1732; x_wconf 83' lang='lat' dir='ltr'>VITA</span> <span class='ocrx_word' id='word_1_61' title='bbox 725 1661 920 1730; x_wconf 82' lang='lat' dir='ltr'>GALBAE.</span> 
     </span>
     <span class='ocr_line' id='line_1_11' title="bbox 247 1773 744 1868; baseline 0 -14"><span class='ocrx_word' id='word_1_62' title='bbox 247 1787 345 1868; x_wconf 81' lang='lat' dir='ltr'>Gap.</span> <span class='ocrx_word' id='word_1_63' title='bbox 368 1789 399 1854; x_wconf 91' lang='lat'>1.</span> <span class='ocrx_word' id='word_1_64' title='bbox 440 1773 443 1777; x_wconf 45' lang='lat'><strong>⁴</strong></span> <span class='ocrx_word' id='word_1_65' title='bbox 742 1797 744 1802; x_wconf 88' lang='grc'><strong><em>·</em></strong></span> 
     </span>
     <span class='ocr_line' id='line_1_12' title="bbox 245 1887 1314 1982; baseline 0.002 -20"><span class='ocrx_word' id='word_1_66' title='bbox 245 1903 277 1963; x_wconf 85' lang='grc' dir='ltr'>οἱ</span> <span class='ocrx_word' id='word_1_67' title='bbox 290 1899 329 1963; x_wconf 85' lang='grc' dir='ltr'>ὁέ</span> <span class='ocrx_word' id='word_1_68' title='bbox 341 1899 497 1975; x_wconf 81' lang='grc' dir='ltr'><em>πλεῖστοι,</em></span> <span class='ocrx_word' id='word_1_69' title='bbox 512 1899 703 1981; x_wconf 78' lang='grc' dir='ltr'><em>καθάπερ</em></span> <span class='ocrx_word' id='word_1_70' title='bbox 717 1887 965 1981; x_wconf 77' lang='grc' dir='ltr'><em>ἐρρωμένον</em></span> <span class='ocrx_word' id='word_1_71' title='bbox 980 1909 1085 1980; x_wconf 87' lang='grc' dir='ltr'><em>σῶμα,</em></span> <span class='ocrx_word' id='word_1_72' title='bbox 1101 1900 1141 1963; x_wconf 85' lang='grc' dir='ltr'>τὸ</span> <span class='ocrx_word' id='word_1_73' title='bbox 1156 1916 1314 1982; x_wconf 81' lang='grc' dir='ltr'><em>στρατιω-</em></span> 
     </span>
    </p>

    <p class='ocr_par' dir='ltr' id='par_1_5' title="bbox 205 2013 1316 2098">
     <span class='ocr_line' id='line_1_13' title="bbox 205 2013 1316 2098; baseline 0.001 -22"><span class='ocrx_word' id='word_1_74' title='bbox 205 2014 299 2078; x_wconf 81' lang='grc' dir='ltr'><em>τικὸν</em></span> <span class='ocrx_word' id='word_1_75' title='bbox 320 2013 468 2095; x_wconf 77' lang='grc' dir='ltr'><em>ἀξιοῦσιν</em></span> <span class='ocrx_word' id='word_1_76' title='bbox 489 2013 554 2095; x_wconf 62' lang='lat' dir='ltr'>rota</span> <span class='ocrx_word' id='word_1_77' title='bbox 578 2013 748 2095; x_wconf 83' lang='grc' dir='ltr'><em>μηὸέαοτε</em></span> <span class='ocrx_word' id='word_1_78' title='bbox 770 2015 952 2098; x_wconf 77' lang='grc' dir='ltr'><em>χρώμενον</em></span> <span class='ocrx_word' id='word_1_79' title='bbox 980 2015 1066 2098; x_wconf 78' lang='grc' dir='ltr'><em>ὁρμῇ</em></span> <span class='ocrx_word' id='word_1_80' title='bbox 1092 2015 1316 2098; x_wconf 72' lang='grc' dir='ltr'><em>συγκινεῖσθαι</em></span> 
     </span>
    </p>

    <p class='ocr_par' dir='ltr' id='par_1_6' title="bbox 203 2118 882 2211">
     <span class='ocr_line' id='line_1_14' title="bbox 203 2118 882 2211; baseline -0.003 -19"><span class='ocrx_word' id='word_1_81' title='bbox 203 2137 245 2211; x_wconf 73' lang='grc' dir='ltr'>τῇ</span> <span class='ocrx_word' id='word_1_82' title='bbox 266 2137 326 2192; x_wconf 80' lang='grc' dir='ltr'>τοῦ</span> <span class='ocrx_word' id='word_1_83' title='bbox 347 2137 544 2211; x_wconf 71' lang='grc' dir='ltr'><strong><em>στρατηγοῦ.</em></strong></span> <span class='ocrx_word' id='word_1_84' title='bbox 880 2118 882 2122; x_wconf 66' lang='grc'><strong>’</strong></span> 
     </span>
    </p>

    <p class='ocr_par' dir='ltr' id='par_1_7' title="bbox 202 2244 1315 3250">
     <span class='ocr_line' id='line_1_15' title="bbox 249 2244 1315 2332; baseline 0.001 -21"><span class='ocrx_word' id='word_1_85' title='bbox 249 2246 353 2311; x_wconf 85' lang='lat' dir='ltr'>Recte</span> <span class='ocrx_word' id='word_1_86' title='bbox 370 2244 407 2310; x_wconf 89' lang='lat' dir='ltr'>id</span> <span class='ocrx_word' id='word_1_87' title='bbox 430 2244 626 2326; x_wconf 82' lang='grc' dir='ltr'><em>ἐρρωμένον</em></span> <span class='ocrx_word' id='word_1_88' title='bbox 651 2244 775 2311; x_wconf 80' lang='lat' dir='ltr'>Solano</span> <span class='ocrx_word' id='word_1_89' title='bbox 802 2250 904 2331; x_wconf 88' lang='lat' dir='ltr'>atque</span> <span class='ocrx_word' id='word_1_90' title='bbox 930 2245 1158 2317; x_wconf 86' lang='lat' dir='ltr'>Valckenario</span> <span class='ocrx_word' id='word_1_91' title='bbox 1182 2267 1315 2332; x_wconf 90' lang='lat' dir='ltr'>suspec-</span> 
     </span>
     <span class='ocr_line' id='line_1_16' title="bbox 204 2358 1313 2440; baseline -0.002 -15"><span class='ocrx_word' id='word_1_92' title='bbox 204 2365 280 2425; x_wconf 90' lang='lat' dir='ltr'>tum</span> <span class='ocrx_word' id='word_1_93' title='bbox 300 2364 379 2425; x_wconf 88' lang='lat' dir='ltr'>erat.</span> <span class='ocrx_word' id='word_1_94' title='bbox 403 2359 518 2424; x_wconf 89' lang='lat' dir='ltr'>Minus</span> <span class='ocrx_word' id='word_1_95' title='bbox 540 2358 681 2425; x_wconf 88' lang='lat' dir='ltr'>feliciter</span> <span class='ocrx_word' id='word_1_96' title='bbox 702 2365 818 2425; x_wconf 88' lang='lat' dir='ltr'>tamen</span> <span class='ocrx_word' id='word_1_97' title='bbox 837 2359 1156 2440; x_wconf 71' lang='grc' dir='ltr'><em>ῙΙΙυαίωρούμενον,</em></span> <span class='ocrx_word' id='word_1_98' title='bbox 1180 2363 1237 2428; x_wconf 79' lang='lat' dir='ltr'>hie</span> <span class='ocrx_word' id='word_1_99' title='bbox 1255 2360 1313 2438; x_wconf 87' lang='grc' dir='ltr'>μέ-</span> 
     </span>
     <span class='ocr_line' id='line_1_17' title="bbox 204 2473 1314 2560; baseline 0.011 -26"><span class='ocrx_word' id='word_1_100' title='bbox 204 2492 267 2535; x_wconf 92' lang='grc' dir='ltr'>νον</span> <span class='ocrx_word' id='word_1_101' title='bbox 295 2473 479 2560; x_wconf 86' lang='lat' dir='ltr'>proposuit.</span> <span class='ocrx_word' id='word_1_102' title='bbox 503 2475 588 2539; x_wconf 90' lang='lat' dir='ltr'>Leni</span> <span class='ocrx_word' id='word_1_103' title='bbox 611 2495 692 2540; x_wconf 89' lang='lat' dir='ltr'>vero</span> <span class='ocrx_word' id='word_1_104' title='bbox 716 2474 932 2556; x_wconf 87' lang='lat' dir='ltr'>correctione,</span> <span class='ocrx_word' id='word_1_105' title='bbox 957 2488 1038 2542; x_wconf 83' lang='lat' dir='ltr'>vera</span> <span class='ocrx_word' id='word_1_106' title='bbox 1060 2474 1163 2542; x_wconf 89' lang='lat' dir='ltr'>lectio</span> <span class='ocrx_word' id='word_1_107' title='bbox 1182 2480 1314 2547; x_wconf 88' lang='lat' dir='ltr'>restitui</span> 
     </span>
     <span class='ocr_line' id='line_1_18' title="bbox 204 2578 1314 2677; baseline 0.003 -23"><span class='ocrx_word' id='word_1_108' title='bbox 204 2593 325 2677; x_wconf 87' lang='lat' dir='ltr'>potest,</span> <span class='ocrx_word' id='word_1_109' title='bbox 349 2588 377 2652; x_wconf 89' lang='lat' dir='ltr'>si</span> <span class='ocrx_word' id='word_1_110' title='bbox 402 2586 442 2669; x_wconf 89' lang='grc' dir='ltr'>έρ</span> <span class='ocrx_word' id='word_1_111' title='bbox 461 2578 499 2652; x_wconf 90' lang='lat' dir='ltr'>in</span> <span class='ocrx_word' id='word_1_112' title='bbox 521 2587 717 2668; x_wconf 76' lang='grc' dir='ltr'><em>ἐρρωμένον</em></span> <span class='ocrx_word' id='word_1_113' title='bbox 744 2610 806 2675; x_wconf 90' lang='lat' dir='ltr'>per</span> <span class='ocrx_word' id='word_1_114' title='bbox 829 2587 1096 2675; x_wconf 87' lang='lat' dir='ltr'>dittographiam</span> <span class='ocrx_word' id='word_1_115' title='bbox 1124 2612 1141 2656; x_wconf 91' lang='lat' dir='ltr'>e</span> <span class='ocrx_word' id='word_1_116' title='bbox 1162 2590 1314 2675; x_wconf 79' lang='grc' dir='ltr'><em>καθάπερ</em></span> 
     </span>
     <span class='ocr_line' id='line_1_19' title="bbox 204 2694 1314 2790; baseline 0.005 -21"><span class='ocrx_word' id='word_1_117' title='bbox 204 2694 320 2769; x_wconf 70' lang='lat' dir='ltr'>‘ortum</span> <span class='ocrx_word' id='word_1_118' title='bbox 333 2724 403 2768; x_wconf 87' lang='lat' dir='ltr'>esse</span> <span class='ocrx_word' id='word_1_119' title='bbox 414 2702 583 2789; x_wconf 87' lang='lat' dir='ltr'>ponimus.</span> <span class='ocrx_word' id='word_1_120' title='bbox 601 2703 801 2790; x_wconf 85' lang='lat' dir='ltr'>Legendum</span> <span class='ocrx_word' id='word_1_121' title='bbox 818 2704 958 2770; x_wconf 87' lang='lat' dir='ltr'>scilicet:</span> <span class='ocrx_word' id='word_1_122' title='bbox 976 2703 1019 2766; x_wconf 80' lang='grc' dir='ltr'>ἕν</span> <span class='ocrx_word' id='word_1_123' title='bbox 1036 2703 1171 2783; x_wconf 87' lang='grc' dir='ltr'><em>μόνον.</em></span> <span class='ocrx_word' id='word_1_124' title='bbox 1190 2707 1314 2774; x_wconf 82' lang='lat' dir='ltr'>Sensus</span> 
     </span>
     <span class='ocr_line' id='line_1_20' title="bbox 202 2816 1315 2906; baseline 0.005 -21"><span class='ocrx_word' id='word_1_125' title='bbox 202 2819 301 2885; x_wconf 79' lang='lat' dir='ltr'>&#39;enim</span> <span class='ocrx_word' id='word_1_126' title='bbox 326 2823 375 2884; x_wconf 86' lang='lat' dir='ltr'>est</span> <span class='ocrx_word' id='word_1_127' title='bbox 397 2817 523 2884; x_wconf 89' lang='lat' dir='ltr'>milites</span> <span class='ocrx_word' id='word_1_128' title='bbox 541 2816 636 2885; x_wconf 86' lang='lat' dir='ltr'>velut</span> <span class='ocrx_word' id='word_1_129' title='bbox 648 2839 781 2884; x_wconf 89' lang='lat' dir='ltr'>unum-</span> <span class='ocrx_word' id='word_1_130' title='bbox 802 2824 959 2885; x_wconf 87' lang='lat' dir='ltr'>tantum</span> <span class='ocrx_word' id='word_1_131' title='bbox 976 2840 1098 2906; x_wconf 92' lang='lat' dir='ltr'>corpus</span> <span class='ocrx_word' id='word_1_132' title='bbox 1117 2827 1204 2888; x_wconf 91' lang='lat' dir='ltr'>nutu</span> <span class='ocrx_word' id='word_1_133' title='bbox 1220 2825 1315 2890; x_wconf 87' lang='lat' dir='ltr'>ducis</span> 
     </span>
     <span class='ocr_line' id='line_1_21' title="bbox 206 2932 1314 3021; baseline 0.007 -22"><span class='ocrx_word' id='word_1_134' title='bbox 206 2934 338 3001; x_wconf 83' lang='lat' dir='ltr'>moveri</span> <span class='ocrx_word' id='word_1_135' title='bbox 362 2955 472 3021; x_wconf 88' lang='lat' dir='ltr'>neque</span> <span class='ocrx_word' id='word_1_136' title='bbox 494 2954 555 2999; x_wconf 91' lang='lat' dir='ltr'>suo</span> <span class='ocrx_word' id='word_1_137' title='bbox 579 2955 749 3021; x_wconf 91' lang='lat' dir='ltr'>quemque</span> <span class='ocrx_word' id='word_1_138' title='bbox 776 2934 907 3021; x_wconf 88' lang='lat' dir='ltr'>impetu</span> <span class='ocrx_word' id='word_1_139' title='bbox 931 2934 982 2999; x_wconf 91' lang='lat' dir='ltr'>uti</span> <span class='ocrx_word' id='word_1_140' title='bbox 1005 2932 1137 3001; x_wconf 84' lang='lat' dir='ltr'>debere.</span> <span class='ocrx_word' id='word_1_141' title='bbox 1161 2938 1226 3005; x_wconf 88' lang='lat' dir='ltr'>Pro</span> <span class='ocrx_word' id='word_1_142' title='bbox 1249 2940 1314 3007; x_wconf 90' lang='lat' dir='ltr'>hac</span> 
     </span>
     <span class='ocr_line' id='line_1_22' title="bbox 206 3047 1312 3136; baseline 0.003 -20"><span class='ocrx_word' id='word_1_143' title='bbox 206 3048 401 3116; x_wconf 89' lang='lat' dir='ltr'>coniectura</span> <span class='ocrx_word' id='word_1_144' title='bbox 431 3048 684 3136; x_wconf 87' lang='lat' dir='ltr'>quodammodo</span> <span class='ocrx_word' id='word_1_145' title='bbox 713 3048 795 3115; x_wconf 87' lang='lat' dir='ltr'>facit</span> <span class='ocrx_word' id='word_1_146' title='bbox 826 3049 886 3114; x_wconf 89' lang='lat' dir='ltr'>vit.</span> <span class='ocrx_word' id='word_1_147' title='bbox 921 3047 1132 3135; x_wconf 88' lang='lat' dir='ltr'>Philopoem.</span> <span class='ocrx_word' id='word_1_148' title='bbox 1166 3053 1195 3119; x_wconf 85' lang='lat'>7.</span> <span class='ocrx_word' id='word_1_149' title='bbox 1227 3076 1312 3122; x_wconf 82' lang='lat' dir='ltr'>vers.</span> 
     </span>
     <span class='ocr_line' id='line_1_23' title="bbox 206 3163 933 3250; baseline 0 -22"><span class='ocrx_word' id='word_1_150' title='bbox 206 3163 274 3245; x_wconf 90' lang='lat' dir='ltr'>fin;</span> <span class='ocrx_word' id='word_1_151' title='bbox 298 3163 445 3229; x_wconf 83' lang='lat' dir='ltr'>Flamin.</span> <span class='ocrx_word' id='word_1_152' title='bbox 470 3165 499 3229; x_wconf 87' lang='lat'>8.</span> <span class='ocrx_word' id='word_1_153' title='bbox 523 3186 555 3230; x_wconf 87' lang='lat' dir='ltr'>v.</span> <span class='ocrx_word' id='word_1_154' title='bbox 580 3165 596 3229; x_wconf 86' lang='lat' dir='ltr'><strong>f</strong></span> <span class='ocrx_word' id='word_1_155' title='bbox 602 3188 609 3245; x_wconf 80' lang='lat'><em>3</em></span> <span class='ocrx_word' id='word_1_156' title='bbox 632 3164 754 3250; x_wconf 89' lang='lat' dir='ltr'>Pyrrh.</span> <span class='ocrx_word' id='word_1_157' title='bbox 780 3165 831 3229; x_wconf 80' lang='lat'>23.</span> <span class='ocrx_word' id='word_1_158' title='bbox 855 3187 887 3230; x_wconf 90' lang='lat' dir='ltr'>v.</span> <span class='ocrx_word' id='word_1_159' title='bbox 911 3165 933 3228; x_wconf 87' lang='lat' dir='ltr'>f.</span> 
     </span>
    </p>

    <p class='ocr_par' dir='ltr' id='par_1_8' title="bbox 200 3267 1314 4285">
     <span class='ocr_line' id='line_1_24' title="bbox 224 3267 1314 3378; baseline 0.003 -34"><span class='ocrx_word' id='word_1_160' title='bbox 224 3335 228 3344; x_wconf 89' lang='lat'>.</span> <span class='ocrx_word' id='word_1_161' title='bbox 247 3279 326 3344; x_wconf 90' lang='lat' dir='ltr'>Van</span> <span class='ocrx_word' id='word_1_162' title='bbox 339 3279 548 3345; x_wconf 87' lang='lat' dir='ltr'>Herwerden</span> <span class='ocrx_word' id='word_1_163' title='bbox 561 3278 695 3345; x_wconf 89' lang='lat' dir='ltr'>dubitat</span> <span class='ocrx_word' id='word_1_164' title='bbox 706 3301 751 3345; x_wconf 89' lang='lat' dir='ltr'>an</span> <span class='ocrx_word' id='word_1_165' title='bbox 765 3284 914 3366; x_wconf 34' lang='lat' dir='ltr'>*praestet</span> <span class='ocrx_word' id='word_1_166' title='bbox 934 3267 1086 3359; x_wconf 78' lang='grc' dir='ltr'><em>καθάπερ</em></span> <span class='ocrx_word' id='word_1_167' title='bbox 1106 3269 1208 3378; x_wconf 54' lang='lat' dir='ltr'>&lt;W</span> <span class='ocrx_word' id='word_1_168' title='bbox 1216 3284 1314 3362; x_wconf 87' lang='grc' dir='ltr'><em>ωμέ-</em></span> 
     </span>
     <span class='ocr_line' id='line_1_25' title="bbox 201 3392 1313 3481; baseline 0.003 -27"><span class='ocrx_word' id='word_1_169' title='bbox 201 3411 279 3455; x_wconf 92' lang='grc' dir='ltr'>νον</span> <span class='ocrx_word' id='word_1_170' title='bbox 300 3401 405 3472; x_wconf 85' lang='grc' dir='ltr'><em>σῶμα,</em></span> <span class='ocrx_word' id='word_1_171' title='bbox 428 3414 494 3481; x_wconf 92' lang='lat' dir='ltr'>quo</span> <span class='ocrx_word' id='word_1_172' title='bbox 510 3393 639 3460; x_wconf 79' lang='lat' dir='ltr'>‘melius</span> <span class='ocrx_word' id='word_1_173' title='bbox 663 3394 766 3460; x_wconf 89' lang='lat' dir='ltr'>etiam</span> <span class='ocrx_word' id='word_1_174' title='bbox 789 3393 978 3480; x_wconf 87' lang='lat' dir='ltr'>explicetur</span> <span class='ocrx_word' id='word_1_175' title='bbox 1000 3394 1075 3462; x_wconf 83' lang='lat' dir='ltr'>vitii</span> <span class='ocrx_word' id='word_1_176' title='bbox 1099 3394 1202 3480; x_wconf 84' lang='lat' dir='ltr'>origo</span> <span class='ocrx_word' id='word_1_177' title='bbox 1234 3392 1313 3458; x_wconf 88' lang='lat' dir='ltr'>Ber-</span> 
     </span>
     <span class='ocr_line' id='line_1_26' title="bbox 201 3497 1314 3576; baseline -0.003 -3"><span class='ocrx_word' id='word_1_178' title='bbox 201 3508 366 3574; x_wconf 86' lang='lat' dir='ltr'>nardakis</span> <span class='ocrx_word' id='word_1_179' title='bbox 388 3509 481 3574; x_wconf 89' lang='lat' dir='ltr'>idem</span> <span class='ocrx_word' id='word_1_180' title='bbox 500 3497 645 3576; x_wconf 71' lang='lat' dir='ltr'>&#39;uerbum</span> <span class='ocrx_word' id='word_1_181' title='bbox 668 3508 852 3574; x_wconf 85' lang='lat' dir='ltr'>Plutarcho</span> <span class='ocrx_word' id='word_1_182' title='bbox 875 3509 973 3575; x_wconf 87' lang='lat' dir='ltr'>reddi</span> <span class='ocrx_word' id='word_1_183' title='bbox 992 3509 1089 3575; x_wconf 89' lang='lat' dir='ltr'>iussit</span> <span class='ocrx_word' id='word_1_184' title='bbox 1107 3510 1153 3575; x_wconf 92' lang='lat' dir='ltr'>in.</span> <span class='ocrx_word' id='word_1_185' title='bbox 1167 3508 1239 3575; x_wconf 82' lang='lat' dir='ltr'>vita</span> <span class='ocrx_word' id='word_1_186' title='bbox 1257 3506 1314 3571; x_wconf 82' lang='lat' dir='ltr'>So·</span> 
     </span>
     <span class='ocr_line' id='line_1_27' title="bbox 200 3613 1314 3703; baseline -0.007 -14"><span class='ocrx_word' id='word_1_187' title='bbox 200 3623 291 3689; x_wconf 90' lang='lat' dir='ltr'>lonis</span> <span class='ocrx_word' id='word_1_188' title='bbox 314 3645 340 3691; x_wconf 91' lang='lat' dir='ltr'>c.</span> <span class='ocrx_word' id='word_1_189' title='bbox 366 3625 417 3690; x_wconf 81' lang='lat'>18.</span> <span class='ocrx_word' id='word_1_190' title='bbox 443 3622 636 3690; x_wconf 89' lang='lat' dir='ltr'>scribendo:</span> <span class='ocrx_word' id='word_1_191' title='bbox 661 3621 775 3703; x_wconf 85' lang='grc' dir='ltr'><em>ὀρθῶς</em></span> <span class='ocrx_word' id='word_1_192' title='bbox 791 3631 852 3684; x_wconf 75' lang='lat' dir='ltr'>roo</span> <span class='ocrx_word' id='word_1_193' title='bbox 871 3613 1058 3702; x_wconf 83' lang='grc' dir='ltr'><em>νομοθέτου</em></span> <span class='ocrx_word' id='word_1_194' title='bbox 1072 3622 1157 3702; x_wconf 86' lang='grc' dir='ltr'><em>-τοθς</em></span> <span class='ocrx_word' id='word_1_195' title='bbox 1177 3619 1314 3699; x_wconf 73' lang='grc' dir='ltr'><em>πολίτας</em></span> 
     </span>
     <span class='ocr_line' id='line_1_28' title="bbox 203 3733 1314 3818; baseline -0.002 -20"><span class='ocrx_word' id='word_1_196' title='bbox 203 3738 318 3817; x_wconf 85' lang='grc' dir='ltr'><em>ὥσπερ</em></span> <span class='ocrx_word' id='word_1_197' title='bbox 339 3738 568 3818; x_wconf 80' lang='grc' dir='ltr'><em>ἡνωμένους</em></span> <span class='ocrx_word' id='word_1_198' title='bbox 591 3737 701 3812; x_wconf 87' lang='lat' dir='ltr'>(codd.</span> <span class='ocrx_word' id='word_1_199' title='bbox 727 3733 805 3814; x_wconf 88' lang='grc' dir='ltr'>ένός</span> <span class='ocrx_word' id='word_1_200' title='bbox 822 3736 941 3817; x_wconf 86' lang='grc' dir='ltr'><em>μέρος)</em></span> <span class='ocrx_word' id='word_1_201' title='bbox 965 3734 1245 3798; x_wconf 76' lang='grc' dir='ltr'><em>συναισθάνεσθαι</em></span> <span class='ocrx_word' id='word_1_202' title='bbox 1258 3735 1314 3797; x_wconf 85' lang='grc' dir='ltr'><em>ιιαὶ</em></span> 
     </span>
     <span class='ocr_line' id='line_1_29' title="bbox 202 3841 1312 3936; baseline -0.004 -23"><span class='ocrx_word' id='word_1_203' title='bbox 202 3849 381 3932; x_wconf 79' lang='grc' dir='ltr'><em>συναλγεῖν</em></span> <span class='ocrx_word' id='word_1_204' title='bbox 401 3849 569 3936; x_wconf 77' lang='grc' dir='ltr'><em>ἀλλήλοις,</em></span> <span class='ocrx_word' id='word_1_205' title='bbox 592 3849 771 3936; x_wconf 70' lang='lat' dir='ltr'>ubi&#39;vulgo</span> <span class='ocrx_word' id='word_1_206' title='bbox 794 3850 974 3935; x_wconf 82' lang='lat' dir='ltr'>corrigitur</span> <span class='ocrx_word' id='word_1_207' title='bbox 997 3841 1109 3930; x_wconf 82' lang='grc' dir='ltr'><em>ὥσπερ</em></span> <span class='ocrx_word' id='word_1_208' title='bbox 1130 3847 1208 3927; x_wconf 86' lang='grc' dir='ltr'>ένὸς</span> <span class='ocrx_word' id='word_1_209' title='bbox 1225 3848 1312 3929; x_wconf 81' lang='grc' dir='ltr'><em>μέρη</em></span> 
     </span>
     <span class='ocr_line' id='line_1_30' title="bbox 206 3957 1312 4054; baseline 0.001 -28"><span class='ocrx_word' id='word_1_210' title='bbox 206 3957 369 4046; x_wconf 84' lang='grc' dir='ltr'><em>σώματος,</em></span> <span class='ocrx_word' id='word_1_211' title='bbox 388 3966 441 4054; x_wconf 68' lang='lat' dir='ltr'>(ct</span> <span class='ocrx_word' id='word_1_212' title='bbox 462 3967 522 4032; x_wconf 89' lang='lat' dir='ltr'>vit.</span> <span class='ocrx_word' id='word_1_213' title='bbox 545 3964 641 4031; x_wconf 84' lang='lat' dir='ltr'>Arati</span> <span class='ocrx_word' id='word_1_214' title='bbox 666 3965 717 4030; x_wconf 79' lang='lat'>24.</span> <span class='ocrx_word' id='word_1_215' title='bbox 737 3986 769 4032; x_wconf 90' lang='lat' dir='ltr'>v.</span> <span class='ocrx_word' id='word_1_216' title='bbox 795 3964 831 4052; x_wconf 87' lang='lat' dir='ltr'>f.)</span> <span class='ocrx_word' id='word_1_217' title='bbox 847 3964 1014 4030; x_wconf 81' lang='lat' dir='ltr'>¹Ceterum</span> <span class='ocrx_word' id='word_1_218' title='bbox 1033 3962 1154 4044; x_wconf 87' lang='grc' dir='ltr'><em>ένωσις</em></span> <span class='ocrx_word' id='word_1_219' title='bbox 1173 3961 1312 4049; x_wconf 89' lang='lat' dir='ltr'>quidem</span> 
     </span>
     <span class='ocr_line' id='line_1_31' title="bbox 207 4071 1312 4168; baseline -0.005 -21"><span class='ocrx_word' id='word_1_220' title='bbox 207 4086 237 4147; x_wconf 89' lang='lat' dir='ltr'>et</span> <span class='ocrx_word' id='word_1_221' title='bbox 259 4079 419 4160; x_wconf 85' lang='grc' dir='ltr'><em>ένωτιιιός</em></span> <span class='ocrx_word' id='word_1_222' title='bbox 434 4081 524 4168; x_wconf 90' lang='lat' dir='ltr'>apud</span> <span class='ocrx_word' id='word_1_223' title='bbox 541 4071 764 4146; x_wconf 88' lang='lat' dir='ltr'>Plutarchum</span> <span class='ocrx_word' id='word_1_224' title='bbox 784 4079 953 4164; x_wconf 87' lang='lat' dir='ltr'>leguntur,</span> <span class='ocrx_word' id='word_1_225' title='bbox 968 4078 1069 4140; x_wconf 79' lang='grc' dir='ltr'><em>ἑνοῦν</em></span> <span class='ocrx_word' id='word_1_226' title='bbox 1092 4076 1184 4164; x_wconf 93' lang='lat' dir='ltr'>quod</span> <span class='ocrx_word' id='word_1_227' title='bbox 1207 4077 1312 4143; x_wconf 88' lang='lat' dir='ltr'>sciam</span> 
     </span>
     <span class='ocr_line' id='line_1_32' title="bbox 208 4217 382 4285; baseline 0.008 -25"><span class='ocrx_word' id='word_1_228' title='bbox 208 4217 382 4285; x_wconf 87' lang='lat' dir='ltr'>nusquam.</span> 
     </span>
    </p>
   </div>
   <div class='ocr_carea' id='block_1_4' title="bbox 0 0 1525 5190">
    <p class='ocr_par' dir='ltr' id='par_1_9' title="bbox 0 0 1525 5190">
     <span class='ocr_line' id='line_1_33' title="bbox 0 0 1525 5190; baseline 0 0"><span class='ocrx_word' id='word_1_229' title='bbox 0 0 1525 5190; x_wconf 95' lang='lat' dir='ltr'> </span> 
     </span>
    </p>
   </div>
  </div>
 </body>
</html>
