<?xml version="1.0" encoding="UTF-8"?>
<!DOCTYPE html PUBLIC "-//W3C//DTD XHTML 1.0 Transitional//EN"
    "http://www.w3.org/TR/xhtml1/DTD/xhtml1-transitional.dtd">
<html xmlns="http://www.w3.org/1999/xhtml" xml:lang="en" lang="en">
 <head>
  <title>
</title>
<meta http-equiv="Content-Type" content="text/html;charset=utf-8" />
  <meta name='ocr-system' content='tesseract 3.04.00' />
  <meta name='ocr-capabilities' content='ocr_page ocr_carea ocr_par ocr_line ocrx_word'/>
</head>
<body>
  <div class='ocr_page' id='page_1' title='image "./studiainplutarc00almagoog_0092.png"; bbox 0 0 3038 5190; ppageno 0'>
   <div class='ocr_carea' id='block_1_1' title="bbox 612 547 654 610">
    <p class='ocr_par' dir='ltr' id='par_1_1' title="bbox 612 547 654 610">
     <span class='ocr_line' id='line_1_1' title="bbox 612 547 654 610; baseline 0.048 -2"><span class='ocrx_word' id='word_1_1' title='bbox 612 547 654 610; x_wconf 83' lang='lat'>53</span> 
     </span>
    </p>
   </div>
   <div class='ocr_carea' id='block_1_2' title="bbox 61 733 1253 3816">
    <p class='ocr_par' dir='ltr' id='par_1_2' title="bbox 71 733 1196 931">
     <span class='ocr_line' id='line_1_2' title="bbox 71 733 1196 820; baseline 0 -19"><span class='ocrx_word' id='word_1_2' title='bbox 71 733 173 801; x_wconf 88' lang='lat' dir='ltr'>vibus</span> <span class='ocrx_word' id='word_1_3' title='bbox 188 736 425 802; x_wconf 76' lang='lat' dir='ltr'>incendiariis:</span> <span class='ocrx_word' id='word_1_4' title='bbox 451 735 503 815; x_wconf 65' lang='lat' dir='ltr'>tog</span> <span class='ocrx_word' id='word_1_5' title='bbox 518 734 557 797; x_wconf 87' lang='grc' dir='ltr'>ὁὲ</span> <span class='ocrx_word' id='word_1_6' title='bbox 572 735 673 798; x_wconf 82' lang='grc' dir='ltr'>οὐὸὲν</span> <span class='ocrx_word' id='word_1_7' title='bbox 687 737 865 818; x_wconf 78' lang='grc' dir='ltr'><em>ἐπέραινον</em></span> <span class='ocrx_word' id='word_1_8' title='bbox 882 779 914 784; x_wconf 99' lang='grc'>-</span> <span class='ocrx_word' id='word_1_9' title='bbox 934 737 1020 816; x_wconf 80' lang='grc' dir='ltr'><em>μετὰ</em></span> <span class='ocrx_word' id='word_1_10' title='bbox 1039 737 1196 820; x_wconf 70' lang='grc' dir='ltr'><em>γέλωτος</em></span> 
     </span>
     <span class='ocr_line' id='line_1_3' title="bbox 72 858 245 931; baseline 0.006 -21"><span class='ocrx_word' id='word_1_11' title='bbox 72 858 245 931; x_wconf 81' lang='grc' dir='ltr'><em>παρεῖχον.</em></span> 
     </span>
    </p>

    <p class='ocr_par' dir='ltr' id='par_1_3' title="bbox 62 965 1253 3471">
     <span class='ocr_line' id='line_1_4' title="bbox 117 965 1195 1053; baseline 0.004 -23"><span class='ocrx_word' id='word_1_12' title='bbox 117 966 274 1052; x_wconf 86' lang='lat' dir='ltr'>Denique</span> <span class='ocrx_word' id='word_1_13' title='bbox 297 965 515 1052; x_wconf 82' lang='lat' dir='ltr'>exploremus</span> <span class='ocrx_word' id='word_1_14' title='bbox 538 988 623 1031; x_wconf 92' lang='lat' dir='ltr'>num</span> <span class='ocrx_word' id='word_1_15' title='bbox 655 967 739 1053; x_wconf 88' lang='lat' dir='ltr'>quid</span> <span class='ocrx_word' id='word_1_16' title='bbox 763 967 845 1032; x_wconf 86' lang='lat' dir='ltr'>c&#39;erti</span> <span class='ocrx_word' id='word_1_17' title='bbox 869 967 911 1033; x_wconf 91' lang='lat' dir='ltr'>de</span> <span class='ocrx_word' id='word_1_18' title='bbox 934 969 1075 1034; x_wconf 91' lang='lat' dir='ltr'>nomine</span> <span class='ocrx_word' id='word_1_19' title='bbox 1102 969 1195 1034; x_wconf 92' lang='lat' dir='ltr'>illius</span> 
     </span>
     <span class='ocr_line' id='line_1_5' title="bbox 71 1080 1195 1149; baseline 0.004 -4"><span class='ocrx_word' id='word_1_20' title='bbox 71 1080 218 1146; x_wconf 90' lang='lat' dir='ltr'>auctoris</span> <span class='ocrx_word' id='word_1_21' title='bbox 238 1086 383 1146; x_wconf 75' lang='lat' dir='ltr'>statuere</span> <span class='ocrx_word' id='word_1_22' title='bbox 405 1080 514 1147; x_wconf 91' lang='lat' dir='ltr'>liceat.</span> <span class='ocrx_word' id='word_1_23' title='bbox 536 1081 714 1148; x_wconf 89' lang='lat' dir='ltr'>Habemus</span> <span class='ocrx_word' id='word_1_24' title='bbox 738 1103 848 1147; x_wconf 90' lang='lat' dir='ltr'>unum</span> <span class='ocrx_word' id='word_1_25' title='bbox 867 1087 1003 1148; x_wconf 85' lang='lat' dir='ltr'>tantum</span> <span class='ocrx_word' id='word_1_26' title='bbox 1024 1082 1066 1148; x_wconf 91' lang='lat' dir='ltr'>de</span> <span class='ocrx_word' id='word_1_27' title='bbox 1083 1090 1195 1149; x_wconf 88' lang='lat' dir='ltr'>aucto-</span> 
     </span>
     <span class='ocr_line' id='line_1_6' title="bbox 71 1194 1195 1278; baseline -0.002 -18"><span class='ocrx_word' id='word_1_28' title='bbox 71 1195 118 1260; x_wconf 93' lang='lat' dir='ltr'>ris</span> <span class='ocrx_word' id='word_1_29' title='bbox 149 1196 289 1261; x_wconf 90' lang='lat' dir='ltr'>nomine</span> <span class='ocrx_word' id='word_1_30' title='bbox 320 1195 489 1261; x_wconf 89' lang='lat' dir='ltr'>indicium</span> <span class='ocrx_word' id='word_1_31' title='bbox 520 1218 568 1262; x_wconf 90' lang='lat' dir='ltr'>sc:</span> <span class='ocrx_word' id='word_1_32' title='bbox 600 1197 638 1263; x_wconf 93' lang='grc' dir='ltr'>Ο.</span> <span class='ocrx_word' id='word_1_33' title='bbox 663 1198 683 1261; x_wconf 98' lang='grc'><strong>3</strong></span> <span class='ocrx_word' id='word_1_34' title='bbox 709 1194 880 1276; x_wconf 72' lang='grc' dir='ltr'>Κλούβιος</span> <span class='ocrx_word' id='word_1_35' title='bbox 902 1195 941 1258; x_wconf 69' lang='lat' dir='ltr'>ds*</span> <span class='ocrx_word' id='word_1_36' title='bbox 969 1195 1120 1278; x_wconf 73' lang='grc' dir='ltr'><em>Ῥοῦφος</em></span> <span class='ocrx_word' id='word_1_37' title='bbox 1147 1199 1195 1278; x_wconf 71' lang='grc' dir='ltr'>εἰς</span> 
     </span>
     <span class='ocr_line' id='line_1_7' title="bbox 71 1308 1193 1398; baseline 0.008 -28"><span class='ocrx_word' id='word_1_38' title='bbox 71 1308 212 1390; x_wconf 80' lang='grc' dir='ltr'><em>Ἰβηρίαν</em></span> <span class='ocrx_word' id='word_1_39' title='bbox 232 1311 314 1390; x_wconf 82' lang='grc' dir='ltr'><em>φησὶ</em></span> <span class='ocrx_word' id='word_1_40' title='bbox 328 1309 527 1392; x_wconf 67' lang='grc' dir='ltr'><em>νομισθῆναι</em></span> <span class='ocrx_word' id='word_1_41' title='bbox 543 1310 738 1391; x_wconf 78' lang='grc' dir='ltr'><em>διπλώματα</em></span> <span class='ocrx_word' id='word_1_42' title='bbox 752 1312 822 1377; x_wconf 88' lang='lat' dir='ltr'>etc.</span> <span class='ocrx_word' id='word_1_43' title='bbox 848 1311 1009 1379; x_wconf 87' lang='lat' dir='ltr'>Vidimus</span> <span class='ocrx_word' id='word_1_44' title='bbox 1028 1334 1097 1398; x_wconf 84' lang='lat' dir='ltr'>pgg</span> <span class='ocrx_word' id='word_1_45' title='bbox 1115 1313 1145 1393; x_wconf 87' lang='grc'>6,</span> <span class='ocrx_word' id='word_1_46' title='bbox 1164 1313 1193 1394; x_wconf 86' lang='grc'>7,</span> 
     </span>
     <span class='ocr_line' id='line_1_8' title="bbox 70 1425 1194 1522; baseline 0.002 -32"><span class='ocrx_word' id='word_1_47' title='bbox 70 1426 198 1491; x_wconf 92' lang='lat' dir='ltr'>multos</span> <span class='ocrx_word' id='word_1_48' title='bbox 220 1425 346 1522; x_wconf 90' lang='lat' dir='ltr'>dehoc</span> <span class='ocrx_word' id='word_1_49' title='bbox 367 1425 441 1491; x_wconf 88' lang='lat' dir='ltr'>loco</span> <span class='ocrx_word' id='word_1_50' title='bbox 462 1427 652 1513; x_wconf 89' lang='lat' dir='ltr'>disputasse</span> <span class='ocrx_word' id='word_1_51' title='bbox 673 1426 928 1513; x_wconf 90' lang='lat' dir='ltr'>nonnullosque</span> <span class='ocrx_word' id='word_1_52' title='bbox 949 1427 1119 1492; x_wconf 89' lang='lat' dir='ltr'>affirmare</span> <span class='ocrx_word' id='word_1_53' title='bbox 1132 1449 1194 1493; x_wconf 89' lang='lat' dir='ltr'>nos</span> 
     </span>
     <span class='ocr_line' id='line_1_9' title="bbox 69 1540 1194 1629; baseline 0.002 -23"><span class='ocrx_word' id='word_1_54' title='bbox 69 1541 133 1606; x_wconf 85' lang='lat' dir='ltr'>hio&#39;</span> <span class='ocrx_word' id='word_1_55' title='bbox 151 1540 387 1607; x_wconf 90' lang='lat' dir='ltr'>testimonium</span> <span class='ocrx_word' id='word_1_56' title='bbox 410 1563 493 1607; x_wconf 89' lang='lat' dir='ltr'>voce</span> <span class='ocrx_word' id='word_1_57' title='bbox 524 1541 691 1607; x_wconf 88' lang='lat' dir='ltr'>traditum</span> <span class='ocrx_word' id='word_1_58' title='bbox 719 1541 855 1608; x_wconf 88' lang='lat' dir='ltr'>habere.</span> <span class='ocrx_word' id='word_1_59' title='bbox 887 1542 1069 1629; x_wconf 81' lang='lat' dir='ltr'>Equidem,</span> <span class='ocrx_word' id='word_1_60' title='bbox 1094 1542 1194 1608; x_wconf 88' lang='lat' dir='ltr'>lecto-</span> 
     </span>
     <span class='ocr_line' id='line_1_10' title="bbox 68 1655 1193 1743; baseline 0.002 -21"><span class='ocrx_word' id='word_1_61' title='bbox 68 1679 144 1723; x_wconf 85' lang='lat' dir='ltr'>rem</span> <span class='ocrx_word' id='word_1_62' title='bbox 168 1655 320 1742; x_wconf 88' lang='lat' dir='ltr'>adquae</span> <span class='ocrx_word' id='word_1_63' title='bbox 344 1678 447 1743; x_wconf 90' lang='lat' dir='ltr'>supra</span> <span class='ocrx_word' id='word_1_64' title='bbox 475 1657 517 1722; x_wconf 91' lang='lat' dir='ltr'>de</span> <span class='ocrx_word' id='word_1_65' title='bbox 544 1657 609 1722; x_wconf 88' lang='lat' dir='ltr'>hac</span> <span class='ocrx_word' id='word_1_66' title='bbox 628 1679 664 1722; x_wconf 90' lang='lat' dir='ltr'>re</span> <span class='ocrx_word' id='word_1_67' title='bbox 692 1657 835 1723; x_wconf 88' lang='lat' dir='ltr'>disserui</span> <span class='ocrx_word' id='word_1_68' title='bbox 859 1657 1031 1743; x_wconf 71' lang='lat' dir='ltr'>delegans</span> <span class='ocrx_word' id='word_1_69' title='bbox 1056 1665 1193 1724; x_wconf 85' lang='lat' dir='ltr'>conten·</span> 
     </span>
     <span class='ocr_line' id='line_1_11' title="bbox 68 1771 1191 1860; baseline 0.001 -23"><span class='ocrx_word' id='word_1_70' title='bbox 68 1773 153 1837; x_wconf 89' lang='lat' dir='ltr'>dere</span> <span class='ocrx_word' id='word_1_71' title='bbox 176 1771 281 1838; x_wconf 87' lang='lat' dir='ltr'>velim</span> <span class='ocrx_word' id='word_1_72' title='bbox 308 1771 423 1858; x_wconf 90' lang='lat' dir='ltr'>ipsum</span> <span class='ocrx_word' id='word_1_73' title='bbox 447 1771 671 1837; x_wconf 79' lang='lat' dir='ltr'>Plutarchum</span> <span class='ocrx_word' id='word_1_74' title='bbox 695 1772 846 1858; x_wconf 90' lang='lat' dir='ltr'>aliquem</span> <span class='ocrx_word' id='word_1_75' title='bbox 874 1773 1039 1860; x_wconf 88' lang='lat' dir='ltr'>scriptum</span> <span class='ocrx_word' id='word_1_76' title='bbox 1062 1772 1191 1838; x_wconf 92' lang='lat' dir='ltr'>librum</span> 
     </span>
     <span class='ocr_line' id='line_1_12' title="bbox 68 1869 1189 1973; baseline 0.003 -22"><span class='ocrx_word' id='word_1_77' title='bbox 68 1885 184 1952; x_wconf 83' lang='lat' dir='ltr'>Cluvii</span> <span class='ocrx_word' id='word_1_78' title='bbox 217 1885 404 1971; x_wconf 87' lang='lat' dir='ltr'>inspexisse</span> <span class='ocrx_word' id='word_1_79' title='bbox 433 1893 535 1972; x_wconf 89' lang='lat' dir='ltr'>atque</span> <span class='ocrx_word' id='word_1_80' title='bbox 563 1908 605 1951; x_wconf 92' lang='lat' dir='ltr'>ex</span> <span class='ocrx_word' id='word_1_81' title='bbox 634 1908 672 1951; x_wconf 92' lang='lat' dir='ltr'>eo</span> <span class='ocrx_word' id='word_1_82' title='bbox 693 1886 790 1952; x_wconf 88' lang='lat' dir='ltr'>hunc</span> <span class='ocrx_word' id='word_1_83' title='bbox 813 1885 927 1952; x_wconf 88' lang='lat' dir='ltr'>locum</span> <span class='ocrx_word' id='word_1_84' title='bbox 952 1869 1189 1973; x_wconf 87' lang='lat' dir='ltr'>desumpsisse.</span> 
     </span>
     <span class='ocr_line' id='line_1_13' title="bbox 69 2001 1253 2088; baseline 0 -21"><span class='ocrx_word' id='word_1_85' title='bbox 69 2001 189 2067; x_wconf 91' lang='lat' dir='ltr'>Primo</span> <span class='ocrx_word' id='word_1_86' title='bbox 220 2008 357 2087; x_wconf 89' lang='lat' dir='ltr'>aspectu</span> <span class='ocrx_word' id='word_1_87' title='bbox 385 2001 571 2067; x_wconf 87' lang='lat' dir='ltr'>verisimile</span> <span class='ocrx_word' id='word_1_88' title='bbox 604 2001 739 2068; x_wconf 87' lang='lat' dir='ltr'>videtur</span> <span class='ocrx_word' id='word_1_89' title='bbox 768 2001 868 2088; x_wconf 89' lang='lat' dir='ltr'>plura</span> <span class='ocrx_word' id='word_1_90' title='bbox 899 2024 919 2066; x_wconf 91' lang='lat' dir='ltr'>a</span> <span class='ocrx_word' id='word_1_91' title='bbox 951 2001 1072 2068; x_wconf 81' lang='lat' dir='ltr'>Cluvio</span> <span class='ocrx_word' id='word_1_92' title='bbox 1101 2003 1190 2068; x_wconf 86' lang='lat' dir='ltr'>Rufo</span> <span class='ocrx_word' id='word_1_93' title='bbox 1250 2028 1253 2034; x_wconf 70' lang='grc'><strong><em>’</em></strong></span> 
     </span>
     <span class='ocr_line' id='line_1_14' title="bbox 71 2115 1190 2202; baseline 0.002 -20"><span class='ocrx_word' id='word_1_94' title='bbox 71 2123 231 2182; x_wconf 85' lang='lat' dir='ltr'>nostrum</span> <span class='ocrx_word' id='word_1_95' title='bbox 253 2115 423 2202; x_wconf 86' lang='lat' dir='ltr'>petivisse.</span> <span class='ocrx_word' id='word_1_96' title='bbox 448 2117 603 2181; x_wconf 86' lang='lat' dir='ltr'>Fortasse</span> <span class='ocrx_word' id='word_1_97' title='bbox 622 2124 739 2182; x_wconf 89' lang='lat' dir='ltr'>auctor</span> <span class='ocrx_word' id='word_1_98' title='bbox 761 2116 820 2182; x_wconf 89' lang='lat' dir='ltr'>ille</span> <span class='ocrx_word' id='word_1_99' title='bbox 844 2119 886 2181; x_wconf 82' lang='lat'>18</span> <span class='ocrx_word' id='word_1_100' title='bbox 913 2117 1034 2202; x_wconf 93' lang='lat' dir='ltr'>primis</span> <span class='ocrx_word' id='word_1_101' title='bbox 1060 2116 1190 2184; x_wconf 85' lang='lat' dir='ltr'>Galbae</span> 
     </span>
     <span class='ocr_line' id='line_1_15' title="bbox 66 2228 1190 2319; baseline 0.002 -21"><span class='ocrx_word' id='word_1_102' title='bbox 66 2233 161 2299; x_wconf 81' lang='lat' dir='ltr'>vitae</span> <span class='ocrx_word' id='word_1_103' title='bbox 185 2230 354 2318; x_wconf 79' lang='lat' dir='ltr'>capitibus</span> <span class='ocrx_word' id='word_1_104' title='bbox 374 2238 454 2297; x_wconf 90' lang='lat' dir='ltr'>erat.</span> <span class='ocrx_word' id='word_1_105' title='bbox 472 2233 523 2297; x_wconf 90' lang='lat' dir='ltr'>De</span> <span class='ocrx_word' id='word_1_106' title='bbox 547 2233 693 2297; x_wconf 87' lang='lat' dir='ltr'>Neronis</span> <span class='ocrx_word' id='word_1_107' title='bbox 716 2233 788 2298; x_wconf 89' lang='lat' dir='ltr'>vita</span> <span class='ocrx_word' id='word_1_108' title='bbox 811 2228 1000 2303; x_wconf 81' lang='lat' dir='ltr'>enimcum</span> <span class='ocrx_word' id='word_1_109' title='bbox 1018 2233 1190 2319; x_wconf 87' lang='lat' dir='ltr'>scripsisse</span> 
     </span>
     <span class='ocr_line' id='line_1_16' title="bbox 67 2325 1189 2434; baseline 0 -21"><span class='ocrx_word' id='word_1_110' title='bbox 67 2351 202 2413; x_wconf 89' lang='lat' dir='ltr'>constat</span> <span class='ocrx_word' id='word_1_111' title='bbox 221 2347 311 2432; x_wconf 82' lang='lat' dir='ltr'>(Tac.</span> <span class='ocrx_word' id='word_1_112' title='bbox 334 2345 425 2411; x_wconf 88' lang='lat' dir='ltr'>Ann.</span> <span class='ocrx_word' id='word_1_113' title='bbox 447 2346 536 2411; x_wconf 89' lang='lat' dir='ltr'>XIII</span> <span class='ocrx_word' id='word_1_114' title='bbox 555 2348 607 2428; x_wconf 80' lang='lat'>20,</span> <span class='ocrx_word' id='word_1_115' title='bbox 628 2347 714 2414; x_wconf 87' lang='lat' dir='ltr'>XIV</span> <span class='ocrx_word' id='word_1_116' title='bbox 735 2349 778 2434; x_wconf 83' lang='lat'>2.)</span> <span class='ocrx_word' id='word_1_117' title='bbox 798 2347 949 2433; x_wconf 86' lang='lat' dir='ltr'>itemque</span> <span class='ocrx_word' id='word_1_118' title='bbox 969 2347 1041 2412; x_wconf 88' lang='lat' dir='ltr'>eius</span> <span class='ocrx_word' id='word_1_119' title='bbox 1060 2325 1189 2413; x_wconf 90' lang='lat' dir='ltr'>librum</span> 
     </span>
     <span class='ocr_line' id='line_1_17' title="bbox 69 2462 1190 2550; baseline 0.002 -24"><span class='ocrx_word' id='word_1_120' title='bbox 69 2462 243 2528; x_wconf 89' lang='lat' dir='ltr'>Historias</span> <span class='ocrx_word' id='word_1_121' title='bbox 261 2462 471 2548; x_wconf 58' lang='lat' dir='ltr'>&#39;inscriptum</span> <span class='ocrx_word' id='word_1_122' title='bbox 492 2483 571 2529; x_wconf 87' lang='lat' dir='ltr'>esse.</span> <span class='ocrx_word' id='word_1_123' title='bbox 597 2463 698 2549; x_wconf 84' lang='lat' dir='ltr'>(Plin.</span> <span class='ocrx_word' id='word_1_124' title='bbox 724 2464 787 2550; x_wconf 83' lang='lat' dir='ltr'>Ep.</span> <span class='ocrx_word' id='word_1_125' title='bbox 812 2463 873 2528; x_wconf 90' lang='lat' dir='ltr'>IX.</span> <span class='ocrx_word' id='word_1_126' title='bbox 899 2464 951 2544; x_wconf 84' lang='grc'>19,</span> <span class='ocrx_word' id='word_1_127' title='bbox 977 2463 1006 2528; x_wconf 89' lang='lat'>5.</span> <span class='ocrx_word' id='word_1_128' title='bbox 1027 2463 1082 2544; x_wconf 83' lang='lat' dir='ltr'>„Si</span> <span class='ocrx_word' id='word_1_129' title='bbox 1106 2464 1190 2550; x_wconf 92' lang='lat' dir='ltr'>quid</span> 
     </span>
     <span class='ocr_line' id='line_1_18' title="bbox 66 2573 1191 2666; baseline 0.001 -24"><span class='ocrx_word' id='word_1_130' title='bbox 66 2579 106 2643; x_wconf 88' lang='lat' dir='ltr'>iu</span> <span class='ocrx_word' id='word_1_131' title='bbox 138 2577 347 2642; x_wconf 90' lang='lat' dir='ltr'>historiis</span> <span class='ocrx_word' id='word_1_132' title='bbox 378 2579 463 2643; x_wconf 90' lang='lat' dir='ltr'>meis</span> <span class='ocrx_word' id='word_1_133' title='bbox 494 2578 611 2666; x_wconf 85' lang='lat' dir='ltr'>legis&#39;&#39;)</span> <span class='ocrx_word' id='word_1_134' title='bbox 645 2580 695 2644; x_wconf 88' lang='grc' dir='ltr'>Αο</span> <span class='ocrx_word' id='word_1_135' title='bbox 715 2579 820 2645; x_wconf 70' lang='lat' dir='ltr'>¹velut</span> <span class='ocrx_word' id='word_1_136' title='bbox 851 2573 989 2644; x_wconf 83' lang='lat' dir='ltr'>Tacitus</span> <span class='ocrx_word' id='word_1_137' title='bbox 1020 2574 1191 2644; x_wconf 88' lang='lat' dir='ltr'>Historias</span> 
     </span>
     <span class='ocr_line' id='line_1_19' title="bbox 64 2692 1189 2780; baseline 0.001 -23"><span class='ocrx_word' id='word_1_138' title='bbox 64 2713 129 2778; x_wconf 85' lang='lat' dir='ltr'>per</span> <span class='ocrx_word' id='word_1_139' title='bbox 154 2713 263 2757; x_wconf 90' lang='lat' dir='ltr'>annos</span> <span class='ocrx_word' id='word_1_140' title='bbox 282 2692 435 2778; x_wconf 85' lang='lat' dir='ltr'>singulos</span> <span class='ocrx_word' id='word_1_141' title='bbox 458 2693 625 2780; x_wconf 87' lang='lat' dir='ltr'>disposuit</span> <span class='ocrx_word' id='word_1_142' title='bbox 644 2701 677 2759; x_wconf 89' lang='lat' dir='ltr'>et</span> <span class='ocrx_word' id='word_1_143' title='bbox 700 2692 743 2758; x_wconf 94' lang='lat' dir='ltr'>ob</span> <span class='ocrx_word' id='word_1_144' title='bbox 764 2715 840 2759; x_wconf 88' lang='lat' dir='ltr'>eam</span> <span class='ocrx_word' id='word_1_145' title='bbox 860 2715 997 2758; x_wconf 90' lang='lat' dir='ltr'>causam</span> <span class='ocrx_word' id='word_1_146' title='bbox 1019 2693 1132 2759; x_wconf 92' lang='lat' dir='ltr'>medio</span> <span class='ocrx_word' id='word_1_147' title='bbox 1152 2694 1189 2758; x_wconf 90' lang='lat' dir='ltr'>in</span> 
     </span>
     <span class='ocr_line' id='line_1_20' title="bbox 67 2806 1188 2896; baseline 0.002 -23"><span class='ocrx_word' id='word_1_148' title='bbox 67 2806 369 2895; x_wconf 83' lang='lat' dir='ltr'>Galbae-imperio</span> <span class='ocrx_word' id='word_1_149' title='bbox 393 2809 531 2896; x_wconf 83' lang='lat' dir='ltr'>incepit,</span> <span class='ocrx_word' id='word_1_150' title='bbox 564 2810 611 2874; x_wconf 88' lang='lat' dir='ltr'>sic</span> <span class='ocrx_word' id='word_1_151' title='bbox 638 2810 778 2875; x_wconf 83' lang='lat' dir='ltr'>fortasse</span> <span class='ocrx_word' id='word_1_152' title='bbox 803 2809 944 2875; x_wconf 80' lang='lat' dir='ltr'>Cluvius</span> <span class='ocrx_word' id='word_1_153' title='bbox 968 2808 1114 2874; x_wconf 87' lang='lat' dir='ltr'>eandem</span> <span class='ocrx_word' id='word_1_154' title='bbox 1137 2831 1188 2875; x_wconf 91' lang='lat' dir='ltr'>ra-</span> 
     </span>
     <span class='ocr_line' id='line_1_21' title="bbox 63 2922 1187 3010; baseline 0.002 -24"><span class='ocrx_word' id='word_1_155' title='bbox 63 2922 197 2987; x_wconf 89' lang='lat' dir='ltr'>tionem</span> <span class='ocrx_word' id='word_1_156' title='bbox 225 2928 369 3004; x_wconf 86' lang='lat' dir='ltr'>secutus,</span> <span class='ocrx_word' id='word_1_157' title='bbox 397 2924 527 2988; x_wconf 92' lang='lat' dir='ltr'>nonin</span> <span class='ocrx_word' id='word_1_158' title='bbox 551 2924 696 2988; x_wconf 89' lang='lat' dir='ltr'>Neronis</span> <span class='ocrx_word' id='word_1_159' title='bbox 726 2929 835 2988; x_wconf 91' lang='lat' dir='ltr'>morte</span> <span class='ocrx_word' id='word_1_160' title='bbox 863 2923 958 3010; x_wconf 91' lang='lat' dir='ltr'>operi</span> <span class='ocrx_word' id='word_1_161' title='bbox 990 2945 1049 2988; x_wconf 91' lang='lat' dir='ltr'>suo</span> <span class='ocrx_word' id='word_1_162' title='bbox 1082 2923 1187 2989; x_wconf 89' lang='lat' dir='ltr'>finem</span> 
     </span>
     <span class='ocr_line' id='line_1_22' title="bbox 62 3036 1187 3124; baseline 0.002 -24"><span class='ocrx_word' id='word_1_163' title='bbox 62 3036 231 3122; x_wconf 87' lang='lat' dir='ltr'>imposuit</span> <span class='ocrx_word' id='word_1_164' title='bbox 253 3036 311 3101; x_wconf 90' lang='lat' dir='ltr'>sed</span> <span class='ocrx_word' id='word_1_165' title='bbox 336 3059 443 3123; x_wconf 91' lang='lat' dir='ltr'>usque</span> <span class='ocrx_word' id='word_1_166' title='bbox 471 3038 515 3103; x_wconf 91' lang='lat' dir='ltr'>ad</span> <span class='ocrx_word' id='word_1_167' title='bbox 546 3060 677 3104; x_wconf 92' lang='lat' dir='ltr'>annum</span> <span class='ocrx_word' id='word_1_168' title='bbox 710 3040 752 3103; x_wconf 82' lang='grc'>69</span> <span class='ocrx_word' id='word_1_169' title='bbox 776 3038 946 3103; x_wconf 89' lang='lat' dir='ltr'>Historias</span> <span class='ocrx_word' id='word_1_170' title='bbox 969 3059 1046 3103; x_wconf 90' lang='lat' dir='ltr'>suas</span> <span class='ocrx_word' id='word_1_171' title='bbox 1065 3038 1187 3124; x_wconf 91' lang='lat' dir='ltr'>perdu-</span> 
     </span>
     <span class='ocr_line' id='line_1_23' title="bbox 63 3142 1186 3239; baseline 0.001 -24"><span class='ocrx_word' id='word_1_172' title='bbox 63 3151 127 3216; x_wconf 87' lang='lat' dir='ltr'>xit.</span> <span class='ocrx_word' id='word_1_173' title='bbox 146 3152 172 3238; x_wconf 86' lang='lat'>1)</span> <span class='ocrx_word' id='word_1_174' title='bbox 197 3150 318 3218; x_wconf 81' lang='lat' dir='ltr'>Cluvio</span> <span class='ocrx_word' id='word_1_175' title='bbox 338 3142 430 3218; x_wconf 83' lang='lat' dir='ltr'>Rufo</span> <span class='ocrx_word' id='word_1_176' title='bbox 444 3152 582 3217; x_wconf 90' lang='lat' dir='ltr'>illorum</span> <span class='ocrx_word' id='word_1_177' title='bbox 605 3155 646 3217; x_wconf 81' lang='lat'>18</span> <span class='ocrx_word' id='word_1_178' title='bbox 664 3151 793 3219; x_wconf 82' lang='lat' dir='ltr'>Galbae</span> <span class='ocrx_word' id='word_1_179' title='bbox 813 3153 904 3220; x_wconf 86' lang='lat' dir='ltr'>vitae</span> <span class='ocrx_word' id='word_1_180' title='bbox 921 3153 1073 3239; x_wconf 89' lang='lat' dir='ltr'>capitum</span> <span class='ocrx_word' id='word_1_181' title='bbox 1092 3153 1186 3217; x_wconf 86' lang='lat' dir='ltr'>fonte</span> 
     </span>
     <span class='ocr_line' id='line_1_24' title="bbox 62 3265 1187 3355; baseline 0.002 -26"><span class='ocrx_word' id='word_1_182' title='bbox 62 3271 190 3330; x_wconf 89' lang='lat' dir='ltr'>statuto</span> <span class='ocrx_word' id='word_1_183' title='bbox 215 3265 317 3331; x_wconf 87' lang='lat' dir='ltr'>etiam</span> <span class='ocrx_word' id='word_1_184' title='bbox 340 3267 438 3333; x_wconf 80' lang='lat' dir='ltr'>facile</span> <span class='ocrx_word' id='word_1_185' title='bbox 463 3267 628 3354; x_wconf 83' lang='lat' dir='ltr'>explicari</span> <span class='ocrx_word' id='word_1_186' title='bbox 648 3273 758 3355; x_wconf 85' lang='lat' dir='ltr'>potest</span> <span class='ocrx_word' id='word_1_187' title='bbox 782 3289 841 3332; x_wconf 86' lang='lat' dir='ltr'>our</span> <span class='ocrx_word' id='word_1_188' title='bbox 865 3267 1069 3333; x_wconf 88' lang='lat' dir='ltr'>Plutarchus</span> <span class='ocrx_word' id='word_1_189' title='bbox 1087 3267 1125 3331; x_wconf 90' lang='lat' dir='ltr'>in</span> <span class='ocrx_word' id='word_1_190' title='bbox 1145 3267 1187 3332; x_wconf 89' lang='lat' dir='ltr'>iis</span> 
     </span>
     <span class='ocr_line' id='line_1_25' title="bbox 63 3381 1128 3471; baseline 0.001 -25"><span class='ocrx_word' id='word_1_191' title='bbox 63 3402 118 3446; x_wconf 91' lang='lat' dir='ltr'>res</span> <span class='ocrx_word' id='word_1_192' title='bbox 143 3381 266 3462; x_wconf 89' lang='lat' dir='ltr'>tradat,</span> <span class='ocrx_word' id='word_1_193' title='bbox 288 3404 375 3468; x_wconf 86' lang='lat' dir='ltr'>quae</span> <span class='ocrx_word' id='word_1_194' title='bbox 399 3405 435 3448; x_wconf 88' lang='lat' dir='ltr'>re</span> <span class='ocrx_word' id='word_1_195' title='bbox 460 3405 539 3451; x_wconf 87' lang='lat' dir='ltr'>vcra</span> <span class='ocrx_word' id='word_1_196' title='bbox 563 3384 607 3450; x_wconf 89' lang='lat' dir='ltr'>ad</span> <span class='ocrx_word' id='word_1_197' title='bbox 631 3384 776 3449; x_wconf 85' lang='lat' dir='ltr'>Neronis</span> <span class='ocrx_word' id='word_1_198' title='bbox 796 3384 904 3449; x_wconf 87' lang='lat' dir='ltr'>vitam</span> <span class='ocrx_word' id='word_1_199' title='bbox 924 3383 1128 3471; x_wconf 82' lang='lat' dir='ltr'>pertineant.</span> 
     </span>
    </p>

    <p class='ocr_par' dir='ltr' id='par_1_4' title="bbox 61 3495 1184 3816">
     <span class='ocr_line' id='line_1_26' title="bbox 110 3495 1183 3585; baseline 0.003 -25"><span class='ocrx_word' id='word_1_200' title='bbox 110 3495 210 3573; x_wconf 78' lang='lat' dir='ltr'>Quod</span> <span class='ocrx_word' id='word_1_201' title='bbox 226 3496 270 3561; x_wconf 92' lang='lat' dir='ltr'>ad</span> <span class='ocrx_word' id='word_1_202' title='bbox 292 3497 404 3563; x_wconf 81' lang='lat' dir='ltr'>Cluvii</span> <span class='ocrx_word' id='word_1_203' title='bbox 424 3499 660 3564; x_wconf 88' lang='lat' dir='ltr'>testimonium</span> <span class='ocrx_word' id='word_1_204' title='bbox 682 3499 720 3564; x_wconf 92' lang='grc' dir='ltr'>Ο.</span> <span class='ocrx_word' id='word_1_205' title='bbox 743 3501 772 3579; x_wconf 87' lang='grc'>3,</span> <span class='ocrx_word' id='word_1_206' title='bbox 794 3499 946 3585; x_wconf 89' lang='lat' dir='ltr'>suspicor</span> <span class='ocrx_word' id='word_1_207' title='bbox 966 3520 1045 3563; x_wconf 94' lang='lat' dir='ltr'>eum</span> <span class='ocrx_word' id='word_1_208' title='bbox 1065 3498 1183 3563; x_wconf 89' lang='lat' dir='ltr'>desua</span> 
     </span>
     <span class='ocr_line' id='line_1_27' title="bbox 62 3612 1184 3700; baseline 0.003 -26"><span class='ocrx_word' id='word_1_209' title='bbox 62 3612 276 3698; x_wconf 88' lang='lat' dir='ltr'>praefectura</span> <span class='ocrx_word' id='word_1_210' title='bbox 302 3612 528 3699; x_wconf 89' lang='lat' dir='ltr'>Hispaniensi</span> <span class='ocrx_word' id='word_1_211' title='bbox 559 3614 831 3695; x_wconf 86' lang='lat' dir='ltr'>commentarios,</span> <span class='ocrx_word' id='word_1_212' title='bbox 863 3635 948 3700; x_wconf 90' lang='lat' dir='ltr'>quos</span> <span class='ocrx_word' id='word_1_213' title='bbox 979 3613 1184 3678; x_wconf 86' lang='lat' dir='ltr'>Plutarchus</span> 
     </span>
     <span class='ocr_line' id='line_1_28' title="bbox 61 3725 1181 3816; baseline 0.001 -25"><span class='ocrx_word' id='word_1_214' title='bbox 61 3725 265 3811; x_wconf 85' lang='lat' dir='ltr'>inspexerit,</span> <span class='ocrx_word' id='word_1_215' title='bbox 284 3729 531 3816; x_wconf 84' lang='lat' dir='ltr'>conscripsisse,</span> <span class='ocrx_word' id='word_1_216' title='bbox 549 3729 614 3810; x_wconf 86' lang='lat' dir='ltr'>vel,</span> <span class='ocrx_word' id='word_1_217' title='bbox 632 3729 724 3815; x_wconf 91' lang='lat' dir='ltr'>quod</span> <span class='ocrx_word' id='word_1_218' title='bbox 741 3728 848 3794; x_wconf 84' lang='lat' dir='ltr'>Fabia</span> <span class='ocrx_word' id='word_1_219' title='bbox 861 3730 886 3814; x_wconf 85' lang='grc'>2)</span> <span class='ocrx_word' id='word_1_220' title='bbox 904 3729 1074 3815; x_wconf 89' lang='lat' dir='ltr'>opinatur,</span> <span class='ocrx_word' id='word_1_221' title='bbox 1091 3727 1181 3794; x_wconf 89' lang='lat' dir='ltr'>hanc</span> 
     </span>
    </p>
   </div>
   <div class='ocr_carea' id='block_1_3' title="bbox 58 3927 1182 4292">
    <p class='ocr_par' dir='ltr' id='par_1_5' title="bbox 58 3927 1182 4194">
     <span class='ocr_line' id='line_1_29' title="bbox 102 3927 1182 3997; baseline -0.004 -15"><span class='ocrx_word' id='word_1_222' title='bbox 102 3933 127 3997; x_wconf 87' lang='lat' dir='ltr'>I)</span> <span class='ocrx_word' id='word_1_223' title='bbox 146 3930 208 3983; x_wconf 90' lang='lat' dir='ltr'>Vidi</span> <span class='ocrx_word' id='word_1_224' title='bbox 226 3931 254 3982; x_wconf 90' lang='lat' dir='ltr'>in</span> <span class='ocrx_word' id='word_1_225' title='bbox 273 3930 342 3982; x_wconf 91' lang='lat' dir='ltr'>idem</span> <span class='ocrx_word' id='word_1_226' title='bbox 360 3929 479 3981; x_wconf 86' lang='lat' dir='ltr'>incidisse</span> <span class='ocrx_word' id='word_1_227' title='bbox 497 3927 606 3980; x_wconf 85' lang='lat' dir='ltr'>Fabiam</span> <span class='ocrx_word' id='word_1_228' title='bbox 620 3930 636 3980; x_wconf 88' lang='lat' dir='ltr'>l.</span> <span class='ocrx_word' id='word_1_229' title='bbox 656 3929 673 3979; x_wconf 91' lang='lat' dir='ltr'>l.</span> <span class='ocrx_word' id='word_1_230' title='bbox 688 3946 746 3996; x_wconf 81' lang='lat' dir='ltr'>pgg.</span> <span class='ocrx_word' id='word_1_231' title='bbox 764 3928 910 3981; x_wconf 77' lang='lat'>171-181.</span> <span class='ocrx_word' id='word_1_232' title='bbox 929 3929 1037 3979; x_wconf 83' lang='lat' dir='ltr'>Frustra</span> <span class='ocrx_word' id='word_1_233' title='bbox 1056 3943 1113 3978; x_wconf 77' lang='lat' dir='ltr'>nica</span> <span class='ocrx_word' id='word_1_234' title='bbox 1127 3927 1182 3994; x_wconf 91' lang='lat' dir='ltr'>opi-</span> 
     </span>
     <span class='ocr_line' id='line_1_30' title="bbox 59 4024 1181 4092; baseline -0.005 -12"><span class='ocrx_word' id='word_1_235' title='bbox 59 4029 140 4080; x_wconf 88' lang='lat' dir='ltr'>nione</span> <span class='ocrx_word' id='word_1_236' title='bbox 158 4028 225 4080; x_wconf 87' lang='lat' dir='ltr'>hanc</span> <span class='ocrx_word' id='word_1_237' title='bbox 242 4028 397 4080; x_wconf 86' lang='lat' dir='ltr'>sententiam</span> <span class='ocrx_word' id='word_1_238' title='bbox 415 4029 527 4078; x_wconf 87' lang='lat' dir='ltr'>refutare</span> <span class='ocrx_word' id='word_1_239' title='bbox 546 4026 645 4078; x_wconf 84' lang='lat' dir='ltr'>studuit</span> <span class='ocrx_word' id='word_1_240' title='bbox 664 4027 696 4077; x_wconf 82' lang='lat' dir='ltr'>A.</span> <span class='ocrx_word' id='word_1_241' title='bbox 716 4026 855 4092; x_wconf 54' lang='lat' dir='ltr'>Gnacxn„</span> <span class='ocrx_word' id='word_1_242' title='bbox 866 4025 1030 4077; x_wconf 84' lang='lat' dir='ltr'>Jahrbiioher</span> <span class='ocrx_word' id='word_1_243' title='bbox 1047 4025 1090 4075; x_wconf 82' lang='lat' dir='ltr'>it&#39;rr</span> <span class='ocrx_word' id='word_1_244' title='bbox 1111 4024 1181 4075; x_wconf 85' lang='lat' dir='ltr'>Clus-</span> 
     </span>
     <span class='ocr_line' id='line_1_31' title="bbox 58 4121 896 4194; baseline -0.005 -16"><span class='ocrx_word' id='word_1_245' title='bbox 58 4126 145 4178; x_wconf 86' lang='lat' dir='ltr'>sische</span> <span class='ocrx_word' id='word_1_246' title='bbox 163 4126 314 4194; x_wconf 80' lang='lat' dir='ltr'>Philologie,</span> <span class='ocrx_word' id='word_1_247' title='bbox 333 4125 421 4178; x_wconf 76' lang='lat' dir='ltr'>‘22ster</span> <span class='ocrx_word' id='word_1_248' title='bbox 438 4126 520 4193; x_wconf 88' lang='lat' dir='ltr'>suppl.</span> <span class='ocrx_word' id='word_1_249' title='bbox 540 4124 589 4176; x_wconf 91' lang='lat' dir='ltr'>Bd.</span> <span class='ocrx_word' id='word_1_250' title='bbox 609 4125 650 4178; x_wconf 84' lang='lat'>33.</span> <span class='ocrx_word' id='word_1_251' title='bbox 671 4141 728 4191; x_wconf 85' lang='lat' dir='ltr'>pgg.</span> <span class='ocrx_word' id='word_1_252' title='bbox 748 4121 896 4176; x_wconf 66' lang='lat' dir='ltr'>asu-⁶262.</span> 
     </span>
    </p>

    <p class='ocr_par' dir='ltr' id='par_1_6' title="bbox 100 4221 340 4292">
     <span class='ocr_line' id='line_1_32' title="bbox 100 4221 340 4292; baseline 0.013 -20"><span class='ocrx_word' id='word_1_253' title='bbox 100 4221 128 4287; x_wconf 71' lang='lat'>⁸2)</span> <span class='ocrx_word' id='word_1_254' title='bbox 147 4224 163 4275; x_wconf 94' lang='lat' dir='ltr'>l.</span> <span class='ocrx_word' id='word_1_255' title='bbox 183 4223 200 4275; x_wconf 89' lang='lat' dir='ltr'>l.</span> <span class='ocrx_word' id='word_1_256' title='bbox 219 4242 260 4292; x_wconf 87' lang='lat' dir='ltr'>pg.</span> <span class='ocrx_word' id='word_1_257' title='bbox 282 4223 340 4276; x_wconf 85' lang='lat'>181.</span> 
     </span>
    </p>
   </div>
   <div class='ocr_carea' id='block_1_4' title="bbox 0 0 1524 5190">
    <p class='ocr_par' dir='ltr' id='par_1_7' title="bbox 0 0 1524 5190">
     <span class='ocr_line' id='line_1_33' title="bbox 0 0 1524 5190; baseline 0 5"><span class='ocrx_word' id='word_1_258' title='bbox 0 0 1524 5190; x_wconf 95' lang='lat' dir='ltr'> </span> 
     </span>
    </p>
   </div>
  </div>
 </body>
</html>
