3038 5190
610 553 653 618 33

71 747 244 813 concedit:
272 747 369 828 ,Von
401 744 517 811 diesen
534 744 795 811 militarischen
823 747 958 833 Dingen
982 747 1184 834 ahgesehen,

70 863 134 929 hat
156 861 318 928 Plutarch
341 860 512 926 durchaus
532 859 767 945 befriedigend
781 858 1092 949 ubersetzt”,'quae
1116 884 1186 928 om-

69 978 131 1043 nia
142 999 218 1043 mea
231 977 392 1064 opinione
404 975 560 1041 indicant
576 976 753 1062 posteriori
770 976 945 1043 Plutarchi
962 977 1064 1043 aetati
1079 979 1186 1065 impe-

69 1098 223 1159 ratorum
239 1092 328 1158 vitas
345 1089 563 1156 ascribendas
580 1111 659 1155 esse.
679 1090 836 1177 Denique
853 1089 989 1156 nullum
1006 1090 1120 1158 adhuc
1134 1114 1185 1159 ar·

68 1212 275 1293 gumentum
290 1205 463 1294 prolatum
478 1226 549 1270 esse
572 1205 777 1270 contendere
801 1205 921 1286 ausim,
942 1226 1009 1292 quo
1028 1205 1184 1272 firmetur

67 1341 156 1409 opus
178 1327 334 1388 nostrum
356 1319 533 1386 Plutarchi
555 1319 659 1384 studii
683 1319 852 1404 primitias
874 1319 990 1402 essee
1013 1321 1182 1386 contrario

66 1435 178 1502 multa
200 1436 309 1522 magis
328 1457 367 1501 eo
390 1441 551 1522 spectare,
568 1434 660 1521 quod
683 1439 791 1500 aetate
807 1440 987 1520 provectus
1008 1434 1045 1501 id
1068 1435 1183 1502 condi-

66 1551 166 1617 derit.
191 1551 284 1616 Dum
307 1549 518 1616 contrarium
541 1570 611 1614 non
626 1568 628 1572 ’
642 1553 730 1614 certe
755 1554 895 1632 constat,
920 1550 992 1616 sine
1019 1549 1092 1617 ulla
1123 1550 1182 1617 du·

66 1665 232 1736 bitatione
264 1662 392 1731 Galbae
422 1668 456 1728 et
483 1662 632 1730 'Othonis
660 1663 749 1730 vitas
779 1669 855 1750 post
885 1663 994 1730 Taciti
1023 1665 1182 1732 historias

64 1802 193 1868 ponere
215 1779 295 1846 lieet
316 1799 380 1844 nee
401 1778 440 1842 in
462 1778 593 1844 ratione
615 1773 811 1864 temporum
836 1778 990 1845 offendas
1012 1785 1152 1867 oportet.

116 1896 345 1962 Transeamus
379 1893 422 1959 ad
457 1897 677 1978 argumenta,
710 1914 755 1957 ex
789 1893 950 1958 Historiis
985 1900 1017 1960 et
1052 1894 1180 1961 Galbae

65 2010 283 2096 Othonisque
305 2008 386 2076 vitis
409 2005 599 2094 desumpta,
623 2028 710 2094 quae
734 2005 926 2073 communis
948 2009 1052 2074 fontis
1079 2031 1179 2075 usum

63 2125 348 2197 demonstrarent.
372 2125 460 2190 Mira
481 2123 572 2189 inter
601 2123 758 2189 Tacitum
786 2128 819 2189 et
840 2121 1065 2190 Plutarchum
1089 2125 1180 2190 simi-

61 2240 210 2307 litudine
241 2243 446 2320 occurrente,
478 2260 539 2325 per
568 2259 603 2303 se
633 2236 844 2324 probabilius
874 2244 923 2304 est
952 2239 1046 2305 hunc
1079 2238 1179 2305 illum

64 2360 239 2424 auctorem
254 2352 424 2435 habuisse,
441 2353 605 2440 quoniam
620 2352 718 2430 toties
733 2357 919 2440 utrumque
936 2353 1056 2420 eodem
1075 2349 1178 2420 modo

63 2491 284 2536 communem
317 2469 448 2534 fontem
483 2467 698 2555 exscripsisse
727 2467 906 2534 fortuitum
935 2468 1046 2536 videri
1076 2491 1177 2536 nemo

61 2583 212 2670 negabit.
228 2583 343 2652 Etiam
359 2583 479 2648 omitto
503 2582 746 2668 quaestionem,
770 2582 880 2668 qualis
902 2582 960 2648 ille
975 2585 1052 2649 fons
1066 2585 1176 2665 fuerit,

61 2699 122 2786 qui
152 2704 224 2765 tarn
254 2697 397 2765 diversis
427 2695 657 2784 scriptoribus,
688 2718 793 2783 quam
823 2698 950 2779 Tacito,
982 2698 1176 2782 Plutarch0,

61 2813 117 2881 vel
141 2813 302 2881 Suetonio
319 2811 370 2899 (ut
384 2811 526 2899 quidam
545 2812 738 2899 autumant)
753 2813 822 2877 fere
837 2833 975 2878 omnem
998 2813 1176 2879 materiem

60 2927 281 3015 praebuisset.
294 2927 448 2992 Profecto
465 2947 595 3008 causae,
611 2947 672 2992 cur
687 2926 1084 2994 PlutarchumTaoitum
1100 2950 1176 2995 auc·

61 3049 169 3109 torem
195 3041 322 3114 habere
338 3062 408 3107 non
421 3041 569 3129 potuisse
584 3040 798 3128 perhibeant,
813 3041 933 3108 firmae
948 3064 1019 3108 esse
1034 3042 1173 3109 debentl

106 3159 220 3245 Atque
236 3140 379 3225 diversis
394 3139 741 3222 commentationibus
757 3157 914 3244 perlectis
929 3157 1088 3225 videmus
1103 3153 1173 3224 non

59 3273 173 3339 multa
196 3277 397 3368 argumenta
428 3272 548 3341 afferri¹
572 3272 630 3337 sed
654 3272 772 3358 magis,
796 3273 972 3338 communi
993 3274 1087 3339 fonte
1110 3280 1173 3340 sta-

60 3393 144 3470 tuto,
168 3408 236 3476 quo
258 3386 361 3452 modo
384 3386 589 3454 Plutarchus
619 3393 652 3452 et
681 3387 818 3453 Tacitus
840 3387 939 3454 illum
962 3389 1093 3454 fontem
1115 3390 1173 3455 ad-

58 3501 236 3574 hibuerint
259 3507 292 3567 et
314 3501 562 3588 discrepantiae
582 3501 806 3588 explicandae
828 3502 906 3584 sint,
930 3503 1066 3590 exponi.
1084 3503 1173 3582 Quo·

57 3617 258 3705 tieseunque
280 3613 489 3681 Plutarchus
507 3614 642 3697 erravit,
667 3615 859 3708 communis
888 3616 991 3682 fontis
1021 3616 1172 3681 defenso·

57 3753 111 3798 res
142 3753 221 3801 eum
250 3751 356 3817 prave
386 3751 487 3796 suum
516 3729 647 3795 fontem
677 3731 902 3817 exscripsisse,
934 3731 1058 3797 Olason
1089 3752 1116 3796 c.
1145 3751 1169 3796 s.

54 3866 138 3914 vero
167 3850 323 3917 nostrum
352 3844 511 3910 Tacitum
541 3865 612 3909 non
640 3844 849 3910 intellexisse
878 3843 933 3911 vel
964 3845 1171 3931 negligentia

55 3981 184 4028 errasse
214 3959 350 4040 dieunt;
381 3957 441 4024 uhi
454 4014 457 4021 .
471 3957 648 4025 Plutarchi
678 3959 828 4026 narratio
858 3957 995 4024 uberior
1025 3965 1084 4040 est,
1118 3959 1170 4024 illi
1210 4028 1214 4036 ,

55 4096 137 4142 eum
159 4073 259 4161 plura
282 4094 299 4139 e
323 4074 499 4139 communi
528 4075 630 4140 fonte·
652 4075 797 4160 petiisse,
821 4074 858 4139 hi
881 4079 1038 4140 nostrum
1061 4065 1169 4141 Taciti

54 4188 162 4257 verba
192 4209 327 4257 ornasse
358 4194 391 4253 et
421 4188 649 4275 amplificasse·
675 4189 731 4256 vel
761 4188 827 4255 alio
859 4189 952 4254 fonte
974 4209 1169 4270 usumesse
