3038 5190
549 544 638 609 -45

58 736 166 801 modo
193 735 384 823 probabilia
407 710 561 803 1111111
584 736 679 801 omni
702 757 803 802 sanae
826 735 951 802 rationi
973 744 1175 822 repugnent,

57 871 104 915 ex
139 850 204 917 hac
234 856 328 938 parte
359 851 478 918 saltem
512 850 649 917 nullum
679 851 796 917 Tacito
832 849 1010 917 Plutarchi
1045 852 1175 917 auctori

56 963 349 1051 impedimentum
373 966 486 1031 offerri
502 964 692 1032 ostendant.
712 965 825 1052 Atque
849 986 932 1052 quas
955 965 1074 1031 Lezius
1098 987 1176 1051 pro·

56 1080 126 1145 fert
156 1101 282 1162 causas,
314 1102 432 1152 omnes
462 1079 599 1173 admitti
633 1085 786 1167 possunt,
819 1079 915 1147 velut
949 1079 1174 1146 Plutarchum

57 1192 238 1274 subtiliora
254 1194 441 1282 neglegere,
462 1178 740 1376 quqlqdpraebeat,
763 1193 920 1281 pluribus
941 1193 1057 1262 verbis
1080 1215 1175 1260 exor-

57 1330 142 1374 nare
166 1307 232 1396 (pg.
261 1310 349 1398 174),
373 1332 480 1397 parva
502 1333 523 1376 a
572 1310 748 1391 itamenta,
775 1308 942 1375 formulae
973 1307 1174 1374 transeundi

58 1444 161 1490 causa
176 1423 322 1490 insertae
340 1424 407 1511 (pg.
429 1424 516 1512 175),
532 1425 771 1492 exornationes
787 1424 854 1512 (pg.
873 1423 1037 1512 176),1111
1055 1423 1176 1510 ampli-

58 1536 183 1618 ficati0,
201 1559 305 1625 quam
323 1539 394 1604 iam
413 1539 555 1620 Krauss,
572 1540 688 1625 Lange
704 1538 793 1625 (pgg.
813 1536 1172 1626 21-27)11111111111.

103 1653 350 1720 Verumtamen
371 1653 457 1720 aliae
474 1660 554 1720 sunt
570 1675 700 1736 causae,
719 1675 806 1740 quae
823 1654 979 1720 Tacitum
996 1652 1172 1719 Plutarchi

56 1767 190 1833 fontem
214 1768 317 1835 fuisse
340 1769 552 1835 confirment.
577 1767 801 1835 Plutarchum
829 1758 986 1835 Tacitum
1002 1789 1106 1855 prave
1122 1767 1174 1832 11-

57 1881 229 1950 tellexisse
263 1884 383 1952 videri.
423 1884 554 1971 (Lenius
588 1907 643 1972 pg.
680 1885 767 1972 173.)
808 1885 928 1950 Postea
962 1883 1004 1949 de
1038 1883 1104 1949 hac
1137 1902 1173 1947 11

57 1996 199 2063 uberius
225 2003 372 2080 acturus,
396 2021 506 2064 unum
530 2004 666 2066 tantum
689 1998 888 2086 exemplum
911 1997 1056 2079 tradam,
1081 1997 1173 2085 quod

57 2111 192 2198 primus
215 2113 408 2179 Mommsen
433 2115 458 2201 1)
478 2113 645 2242 praebuiq.
670 2115 731 2180 Est
750 2113 844 2179 locus
868 2112 907 2179 G.
933 2114 985 2194 23,
1006 2112 1049 2178 (11
1064 2110 1175 2178 Galba

55 2226 151 2314 apud
167 2226 294 2293 milites
313 2228 356 2295 de
372 2229 504 2294 Pisonis
527 2228 711 2315 adoptlone
734 2228 840 2297 verba
854 2226 1012 2294 faciente:
1031 2225 1175 2307 ἀρξαμέ-

56 2359 121 2403 νου
143 2339 182 2404 ὁὲ
209 2341 251 2403 τὰ
276 2343 342 2421 μὲν
369 2341 505 2424 λέγειν
530 2344 570 2406 ἐν
594 2351 642 2422 τῷ
664 2341 892 2424 στρατοπέδῳ,
919 2342 961 2404 τὰ
983 2340 1022 2405 δὲ
1042 2342 1175 2423 ἀναγι-

56 2456 229 2518 νώσκειν
252 2464 313 2524 111.
338 2460 668 2525 Μο111Μο111111111
692 2459 730 2524 in
753 2459 936 2546 adoptione
961 2457 1011 2523 111
1030 2456 1174 2537 recitari,

56 2571 117 2637 sed
141 2572 318 2640 Plutarchi
341 2595 490 2640 errorem
509 2573 566 2640 hic
589 2595 764 2640 occurrere
785 2574 1010 2661 profectuma
1033 2573 1111 2638 Tae.
1128 2571 1173 2638 H.

55 2687 83 2753 Ι.
110 2687 171 2752 18;
194 2687 307 2774 ,apud
326 2688 541 2775 frequentem
564 2688 715 2754 militum
738 2689 932 2754 contionem
954 2686 1174 2774 imperatoria

55 2801 236 2870 brevitate
258 2802 415 2890 adoptari
445 2825 466 2869 a
497 2825 531 2870 11
562 2804 722 2869 Pisonem
751 2824 845 2869 more
876 2802 948 2870 divi
972 2801 1117 2888 Augusti
1141 2805 1174 2865 et

56 2917 217 3004 exemplo
247 2917 399 3000 militari,
435 2940 503 3005 quo
538 2919 592 2987 vir
626 2919 740 2985 virum
774 2918 951 3004 legeret,
986 2938 1173 3004 pronun-

54 3031 174 3097 tiat’'
197 3031 321 3098 Procul
345 3031 449 3098 dubio
475 3039 565 3099 recte
587 3032 717 3099 iudicat
743 3031 865 3115 λέγειν,
887 3030 1130 3113 ἀναγινώσκειν
1150 3051 1169 3095 1

60 3146 219 3233 ,legeret
243 3149 464 3235 pronuntiat''
488 3154 602 3215 ortum
626 3169 706 3214 esse.

102 3262 210 3326 Porro
233 3263 395 3329 coartatio
419 3285 545 3345 rerum,
561 3263 704 3331 diversis
723 3263 806 3328 locis
828 3242 921 3349 apuli
941 3260 1097 3327 Tacitum
1120 3281 1174 3326 oc-

58 3376 282 3458 currentium,
312 3377 408 3445 velut
430 3377 470 3444 G.
496 3379 537 3443 22
562 3377 603 3444 de
628 3378 793 3444 seditione
822 3375 1017 3442 Germanici
1049 3376 1174 3442 exerci-

57 3496 123 3573 tus,
149 3490 188 3557 Ο.
213 3493 231 3557 1
256 3491 298 3557 (11
318 3491 439 3579 primis
458 3491 604 3558 Othonis
630 3492 846 3580 imperatoris
868 3491 951 3558 actis
974 3491 1011 3578 2),
1035 3490 1174 3557 demon·

97 3730 122 3796 1)
140 3729 158 3779 1.
177 3730 195 3780 1.
213 3746 255 3796 pg.
275 3728 336 3783 306.
355 3728 414 3781 adn.
437 3729 462 3781 4.
487 3729 603 3798 Quisque
625 3729 697 3782 videt
718 3729 767 3781 hoc
789 3729 945 3796 exemplum,
964 3745 979 3779 a
999 3726 1173 3780 Mommsenio

59 3833 89 3877 ut
107 3841 270 3877 communem
287 3826 385 3878 fontem
402 3826 545 3892 1111111111,
563 3827 701 3894 prolatum,
720 3843 734 3878 e
752 3825 880 3878 contrario
898 3825 956 3892 plus
978 3831 1093 3876 nostram
1116 3841 1175 3891 par-

60 3930 114 3974 tem
132 3920 263 3974 adiuvare.

95 4016 123 4086 2)
141 4017 242 4070 Lenius.
261 4020 278 4070 1.
296 4018 314 4071 l.
332 4036 391 4086 pgg.
409 4018 524 4086 27-37,
542 4021 648 4087 exponit
666 4021 699 4073 G.
719 4019 753 4072 22
772 4036 786 4071 1
803 4018 866 4070 locis
879 4017 940 4069 Tac.
955 4017 991 4069 H.
1007 4017 1029 4069 Ι.
1045 4018 1070 4082 5,
1089 4016 1174 4083 8,18‚

58 4115 104 4180 51,
123 4113 165 4181 52,
184 4116 297 4180 55-57,
315 4133 374 4188 pgg.
394 4116 506 4170 73-78.
526 4116 557 4169 Ο.
579 4119 602 4168 1,
621 4135 636 4170 1
654 4119 685 4170 Τ,
705 4119 743 4170 Η.
762 4117 784 4168 Ι,
800 4116 843 4180 47,
858 4116 901 4180 71,
917 4114 959 4179 77,
973 4112 1016 4178 90,
1034 4115 1174 4166 conflatum

58 4228 123 4263 1111,
