3038 5190
745 541 787 607 47

204 731 261 799 'vel
284 732 416 798 senatui
439 732 676 818 permitterent
690 731 800 817 legere
816 732 1058 819 imperatorem
1075 785 1199 799 .....
1221 732 1320 820 (quae

203 854 394 934 sequuntur
408 848 574 914 nimirum
596 847 775 934 proprium
797 847 906 914 Taciti
928 847 1094 914 iudicium
1117 848 1317 937 continent.)

207 985 297 1048 ,ego
321 969 364 1029 ut
387 963 651 1030 concesserim
673 962 766 1049 apud
790 984 915 1050 paucos
939 1015 1036 1030 .....
1060 962 1191 1029 bonum
1214 965 1320 1030 etin·

205 1084 387 1144 nocentem
409 1078 602 1165 principem
631 1099 693 1164 pro
724 1079 881 1165 pessimis
907 1100 947 1145 ao
970 1078 1240 1165 flagitiosissimis
1264 1101 1320 1145 ex·
1449 1081 1451 1084 ’

205 1193 351 1280 petitum
383 1194 466 1260 eto.''
489 1193 578 1259 Plut.
603 1192 642 1260 O.
668 1195 698 1259 9.
722 1193 851 1284 ἑτέρων
874 1191 913 1256 dd
940 1190 980 1275 ἦν
1007 1193 1151 1269 ἀκούειν,
1180 1193 1230 1256 ὅτι
1248 1204 1320 1274 τοϊς

205 1308 452 1389 στρατεύμασιν
467 1308 677 1389 ’ἀμφοτέροις
700 1309 904 1388 παρίσταντο
927 1306 1025 1389 ὁρμαί
1048 1307 1177 1383 πολλαί,
1199 1309 1247 1389 ὡς
1270 1311 1319 1388 είς

205 1422 309 1485 ταύτό
333 1421 518 1486 συνελθεῖν·
542 1426 597 1485 καί
617 1421 763 1502 μάλιστα
783 1423 848 1502 μὲν
871 1423 994 1504 αύτούς
1015 1422 1320 1505 ὁμοφρονήσαντας

204 1538 246 1600 ἐκ
266 1546 336 1599 τῶν
349 1538 528 1620 παρόντων
546 1539 754 1619 ἡγεμονικῶν
771 1536 908 1600 ἑλέσθω
923 1537 983 1600 τόν
1001 1538 1148 1619 ἄριστον,
1168 1541 1199 1602 εί
1212 1537 1254 1601 δὲ.
1261 1539 1317 1624 μή,

204 1653 268 1734 τὴν
282 1651 474 1735 σύγκλητον
495 1653 579 1732 ὁμοῦ
600 1652 805 1733 καθίσαντας
825 1654 956 1735 ἐφεῖναι
977 1654 1038 1734 τὴν
1059 1656 1187 1734 αίρεσιν
1207 1654 1319 1736 ἐκείνῃ

204 1776 267 1830 του
293 1767 553 1849 αὐτοκράτορος.
582 1766 651 1830 Καί
679 1769 740 1830 ούκ
767 1768 902 1848 ἀπεικός
932 1768 1003 1831 ἐστι
1030 1767 1220 1850 μηὸετέρου
1240 1768 1318 1833 τότε

204 1890 276 1945 τῶν
301 1883 650 1965 προσαγορευομένων
678 1882 939 1964 αὐτοκρατόρων
967 1881 1226 1964 εὐδοκιμοῦντος
1253 1885 1318 1947 ἐπι-

202 1999 331 2061 πίπτειν
355 1998 528 2079 τοιούτους
545 1996 800 2080 Ιύιαλομισμούς
822 1998 940 2079 [τοίςἺ
961 2000 1112 2080 γνησίως
1132 2002 1187 2061 καί
1208 1997 1318 2063 θιαπό-

202 2132 276 2193 νοις
293 2116 348 2176 καί
362 2122 578 2196 σωφρονοῦσι
598 2121 669 2174 τῶν
690 2121 916 2193 στρατιωτῶν,
940 2115 988 2195 ὡς
1006 2112 1166 2195 ἔχθιστον
1188 2115 1251 2195 είη-
1264 2116 1319 2176 καί

203 2226 326 2303 ὁεινόν,
347 2230 368 2290 ἃ
389 2226 490 2290 πάλαι
509 2227 563 2289 oro
586 2226 719 2291 Σύλλαν
740 2229 795 2290 καί
819 2227 965 2309 Μάριον,
989 2225 1061 2291 εἶτα
1085 2228 1242 2310 Καίσαρα
1262 2231 1317 2291 καί

202 2341 378 2426 Πομπήϊον
393 2343 595 2425 ᾠκτείροντο
616 2348 677 2409 etc.
691 2343 828 2409 Tacitus
840 2344 885 2409 Π.
905 2345 956 2409 38.
974 2344 1057 2409 item
1070 2345 1231 2438 Marium,
1244 2344 1317 2411 Sul-

201 2457 283 2540 lam,
311 2459 515 2546 Pompeium
549 2458 713 2545 exempla
738 2457 892 2525 civilium
926 2437 1097 2524 bellorum
1130 2466 1314 2548 memorat3

201 2573 327 2640 deinde
358 2573 454 2639 addit
479 2573 557 2655 „sed
581 2594 636 2638 me
658 2563 814 2641 veterum
842 2595 1080 2661 novorumque
1108 2595 1244 2641 morum
1267 2596 1317 2641 re·

200 2688 333 2774 putatio
361 2687 496 2774 longius
515 2687 615 2779 tulit:
640 2709 733 2753 nunc
755 2687 800 2753 ad
823 2683 938 2753 rerum
961 2688 1119 2753 ordinem
1141 2688 1276 2754 redeo.''

246 2802 412 2870 Videmus
431 2802 606 2869 Plutarchi
626 2824 665 2868 ac
678 2802 792 2869 *Taciti
810 2802 917 2870 verba
937 2810 1081 2888 cognata
1101 2824 1181 2885 esse,
1202 2809 1315 2890 atque,

200 2939 280 2983 cum
303 2917 379 2984 luce
403 2917 526 3002 clarius
548 2917 606 2982 hic
628 2916 670 2982 de
698 2938 758 2982 suo
789 2917 927 2983 Tacitus
957 2939 1138 2984 excursum
1168 2918 1316 2984 inserue-

199 3033 256 3114 rit,
275 3032 371 3098 nullo
390 3033 493 3098 modo
513 3032 586 3098 fieri
606 3052 702 3118 posse
723 3031 807 3117 quin
830 3031 1035 3100 Plutarchus
1058 3034 1215 3100 Tacitum
1239 3055 1316 3100 auc·

198 3154 308 3214 torem
331 3148 498 3215 habuerit.
522 3148 685 3214 Attamen
706 3167 776 3212 non
797 3168 936 3234 prorsus
955 3171 1034 3214 cum
1050 3149 1167 3216 Tacito
1183 3148 1315 3215 Plutar-

201 3263 287 3329 chus
304 3263 393 3329 fecit.
416 3263 505 3328 Nam
525 3261 634 3328 Taciti
652 3260 757 3328 verba
779 3282 860 3347 ,ego
884 3269 922 3329 ut
944 3264 1188 3331 concesserim''
1213 3264 1314 3350 signi·

200 3377 305 3444 ficant
336 3398 415 3443 eum
445 3399 569 3464 parum
599 3375 805 3462 quibusdam
829 3377 1024 3444 auctoribus
1047 3378 1212 3460 assentiri,
1236 3377 1314 3443 Plu·

199 3492 311 3559 tarchi
329 3513 410 3560 vero
429 3491 577 3558 formula
596 3492 651 3552 καί
672 3491 733 3553 ούκ
756 3490 891 3572 ἀπεικός
911 3492 983 3555 ἐστι
1005 3493 1153 3560 declarat
1173 3515 1252 3559 eum
1269 3493 1312 3559 ad

201 3606 420 3694 quorundam
438 3612 616 3674 auctorum
636 3608 867 3673 narrationem
884 3607 1098 3694 probandam
1117 3608 1218 3675 valde
1238 3630 1313 3695 pro·

201 3744 287 3788 num
310 3743 389 3789 esse.
1149 3701 1151 3704 Ι
1265 3795 1270 3805 ,

206 3867 208 3870 ’
246 3836 352 3903 Aliud
371 3837 511 3923 insuper
531 3836 727 3924 exemplum
739 3837 858 3904 inveni
871 3839 908 3904 T.
922 3839 967 3904 H.
981 3839 1027 3904 ΙΙ.
1041 3838 1083 3904 50
1096 3837 1150 3924 (de
1164 3837 1311 3925 Othone)

201 3951 358 4048 „duobus
378 3952 596 4034 facinoribus
620 3952 725 4018 altero
749 3954 1021 4040 flagitiosissimo,
1038 3954 1147 4036 altero
1168 3954 1311 4040 egregio

200 4066 407 4134 tantundem
430 4067 523 4153 apud
553 4073 703 4154 posteros
729 4069 855 4134 meruit
877 4068 986 4136 bonae
1008 4070 1119 4136 famae
1143 4075 1311 4154 quantum

200 4181 344 4248 malac.”
364 4183 441 4246 Duo
456 4181 516 4247 illa
534 4182 685 4249 facinora
702 4188 853 4270 spectare
870 4183 914 4249 ad
931 4184 1060 4251 Galbae
1076 4205 1194 4249 necem
1208 4183 1312 4249 Otho·
