3038 5190
751 531 795 595 39

214 723 293 790 Alia
319 724 564 820 additamenta,
588 724 683 795 velut
705 724 748 792 de
767 724 913 792 Senecae
934 746 1013 812 erga
1033 725 1206 792 Othonem
1228 725 1329 794 bene-

212 842 373 926 volentia,
397 845 449 910 sin
472 845 589 910 minus
610 844 786 912 Plutarchi
809 845 993 911 memoriae
1012 843 1227 932 imputanda,
1244 846 1328 935 quid

211 958 358 1045 impedit
381 959 566 1046 quominus
589 959 656 1026 alio
678 959 771 1026 fonte
795 964 868 1025 orta
892 958 983 1026 sint?

254 1073 477 1160 Inquiramus
500 1053 567 1161 quo
590 1073 693 1141 modo
709 1073 868 1143 Vitellius
882 1074 920 1139 in
934 1094 1093 1141 scaenam
1108 1075 1327 1161 producatur.

256 1231 297 1296 G.
322 1231 374 1296 22.
829 1244 863 1304 T.
877 1243 917 1304 H.
933 1243 957 1303 I.
972 1245 1020 1303 52.
1040 1244 1150 1305 Valens
1173 1234 1328 1305 Vitellium
1377 1238 1380 1249 ’

165 1337 168 1344 ’
249 1348 436 1426 Instigantur
465 1348 573 1409 milites
596 1353 632 1408 ut
654 1349 745 1409 Vitel-
785 1349 910 1428 instigut
923 1354 959 1409 ut
972 1350 1130 1427 imperium
1152 1351 1286 1428 accipiet.

211 1455 285 1514 lium
298 1456 508 1532 imperatorem
523 1451 718 1516 consalutent.
831 1460 908 1530 „tres
926 1456 1020 1532 patris
1037 1458 1208 1518 consulatus
1227 1478 1327 1525 censu·

255 1565 752 1637 οὐττέλλιος...πατρόςτετιμητσῡ
792 1582 856 1621 ram
878 1562 1035 1640 collegium
1056 1561 1208 1624 Caesaris”

210 1675 258 1727 xci
286 1675 346 1744 τρὶς
372 1674 482 1727 ὑπάτου
511 1674 674 1744 γενομένου
702 1676 750 1728 καὶ
830 1668 854 1728 Ι.
869 1670 897 1728 9.
916 1669 969 1743 ,A.
984 1669 1146 1730 Vitellius.
1169 1718 1177 1731 .
1199 1718 1206 1731 .
1228 1692 1326 1734 censo·

211 1777 349 1848 Κλαυδίῳ
384 1779 509 1850 Καίσαρι
544 1779 654 1850 τρόπον
686 1781 748 1835 τινὰ
789 1775 830 1835 ris
850 1775 965 1836 Vitellii
986 1794 1019 1836 ac
1040 1780 1086 1837 ter
1114 1777 1242 1839 consulis
1270 1778 1326 1838 fili·

211 1883 417 1955 συνάρξαντος.
432 1880 454 1955 ¹)
790 1881 856 1941 uS.''

255 2027 354 2094 Idem
376 2027 489 2094 denuo
512 2028 606 2115 apud
628 2033 814 2116 utrumque
838 2029 961 2095 modus
990 2051 1152 2117 personas
1181 2030 1219 2098 in
1250 2054 1326 2099 nar-

210 2143 352 2210 rationis
375 2165 571 2211 connexum
593 2144 767 2212 inserendi
790 2144 908 2211 elucet.
1147 2213 1149 2217 ,
1192 2143 1193 2146 ’

253 2262 354 2327 Nunc
377 2261 468 2348 quod
489 2262 532 2327 ad
551 2261 654 2328 totius
673 2261 784 2348 operis
804 2261 1087 2348 compositionem
1103 2263 1234 2348 attinet.
1255 2264 1325 2331 Ini-

208 2376 256 2441 tio
282 2375 486 2442 Plutarchus
516 2377 625 2444 vitam
649 2375 860 2443 conscribere
883 2376 1019 2444 videtur
1041 2398 1135 2444 more
1159 2377 1323 2462 Suetonii,

209 2491 268 2579 qui
288 2492 392 2557 etiam
414 2491 558 2578 incipiat
580 2513 641 2578 per
663 2492 947 2558 memorationem
970 2493 1112 2579 originis
1133 2493 1323 2582 priorisque

208 2607 298 2673 vitae
317 2606 541 2693 imperatoris.
562 2606 743 2672 Suetonius
762 2606 887 2673 deinde
909 2629 1004 2673 more
1027 2608 1125 2674 solito
1144 2611 1322 2677 materiem

207 2857 268 2901 suo
297 2835 407 2922 capite
439 2841 623 2902 enarretur.
654 2835 859 2903 Plutarchus
889 2857 981 2918 vero,
1011 2841 1051 2903 ut
1082 2838 1237 2927 quisque,
1261 2841 1320 2928 qui
1423 2860 1425 2866 ’

205 2951 269 3016 has
292 2953 380 3018 vitas
402 2950 592 3038 perlegerit,
612 2949 754 3032 videbit,
772 2951 881 3038 magis
897 2951 1073 3039 magisque
1095 2953 1165 3019 fere
1188 2976 1319 3023 meram
1384 2982 1386 2986 ·

206 3066 385 3132 historiam
402 3064 547 3133 scribere
564 3066 675 3153 pergit
691 3071 842 3154 excepto,
863 3066 955 3154 quod
971 3067 1156 3134 nonnullas
1179 3090 1232 3134 res
1246 3091 1320 3156 gra·
1403 3046 1405 3068 Ι

205 3201 274 3262 vec,
296 3200 383 3267 quae
405 3173 786 3267 minusimperatorem
809 3181 990 3268 attingant,
1015 3183 1151 3264 omittit,
1174 3183 1317 3266 fabulas,
1398 3234 1401 3239 -

204 3295 391 3382 peculiaria
409 3315 469 3361 suo
489 3275 562 3361 loco
585 3295 738 3361 innectit.
762 3297 895 3383 Reapse
914 3296 1169 3383 quodammodo
1191 3298 1234 3365 de
1257 3320 1317 3365 suo

204 3411 376 3497 proposito
399 3411 488 3478 vitas
510 3409 746 3477 conscribendi
770 3411 919 3494 deflexit,
943 3413 1035 3499 quod
1061 3413 1180 3499 procul
1211 3413 1316 3481 dubio

203 3526 312 3592 Taciti
335 3525 412 3591 usui
434 3524 674 3591 ascribendum
697 3547 768 3592 esse
793 3532 964 3613 putamus.
992 3526 1156 3594 Attamen
1177 3528 1315 3615 gravius

203 3646 253 3707 est
283 3639 377 3707 aliud
408 3646 649 3727 argumentum
682 3641 784 3729 quod,
815 3642 974 3729 quamvis
1003 3641 1047 3709 ab
1080 3642 1156 3709 aliis
1186 3643 1212 3730 2)
1243 3643 1314 3710 iam

239 3817 266 3884 1)
284 3816 361 3881 Quod
379 3818 534 3872 Plutarchus
551 3818 584 3872 de
602 3819 702 3872 Vitellii
720 3827 872 3888 paupertate
890 3820 969 3886 addit,
990 3820 1064 3872 facile
1081 3819 1114 3872 de
1132 3837 1179 3873 suo
1197 3837 1252 3873 esse
1269 3838 1314 3888 po·

202 3921 259 3968 test.
274 3915 326 3968 Res
340 3922 395 3967 erat
413 3916 553 3968 notissima.
572 3917 603 3968 of.
623 3917 694 3969 Suet.
714 3917 768 3970 vit.
789 3919 812 3971 7.
833 3917 919 3983 „Satis
936 3924 1035 3970 constat
1053 3916 1155 3969 exituro
1174 3917 1217 3984 (sc.
1231 3917 1313 3970 Vitel-

200 4011 235 4063 lio
253 4012 281 4063 in
298 4011 447 4065 interiorem
469 4012 647 4077 Germaniam)
671 4014 794 4068 viaticum
817 4015 935 4080 defuisse,
959 4022 1032 4068 tanta
1054 4021 1166 4083 egestate
1184 4014 1222 4066 rei
1239 4014 1312 4066 lami-

200 4108 280 4173 liaris,
299 4116 327 4160 ut
345 4109 410 4161 etc.'’
772 4157 776 4163 .

236 4205 264 4273 2)
282 4205 321 4258 Of.
341 4205 440 4260 claeon.
459 4208 476 4259 l.
496 4208 512 4259 l.
532 4225 573 4276 pg.
594 4209 635 4262 15.
654 4209 750 4277 Lange.
768 4209 785 4261 l.
805 4209 822 4261 l.
841 4226 882 4278 pg.
902 4208 945 4263 60.
964 4209 1063 4263 Lerina
1082 4210 1099 4261 l.
1119 4210 1135 4260 l.
1155 4227 1197 4278 pg.
1218 4211 1257 4262 15.
1317 4205 1319 4209 ⁸
