3038 5190
595 548 664 614 ·15

84 739 172 825 (pgg.
197 738 384 826 777-787)
404 760 532 805 novum
555 738 742 804 introducit
761 743 944 820 auctorem,
965 760 1024 805 sc:
1049 738 1195 806 Fabium

84 854 272 920 Rusticum.
293 853 450 940 Speciosa
467 851 637 919 nonnulla
653 854 781 939 profert
796 859 1007 938 argumenta,
1033 876 1120 941 quae
1136 855 1198 921 Fa

84 968 180 1035 bium
211 968 390 1035 Rusticum
420 966 595 1033 Plutarchi
625 968 755 1032 fontem
782 967 884 1034 fuisse
911 968 1056 1055 probare
1079 967 1198 1035 viden-

84 1090 149 1151 tur.
184 1086 209 1172 1)
249 1083 557 1152 Verumenimvero
592 1082 692 1150 valde
726 1083 892 1149 incertam
927 1104 1196 1170 suspensamque

84 1199 175 1266 hanc
203 1199 329 1265 thesim
360 1219 430 1264 esse
459 1202 532 1263 tam
562 1202 651 1263 recte
681 1197 754 1284 ipse
787 1197 901 1279 sensit,
932 1203 971 1263 ut
1005 1219 1195 1285 proponere
1232 1212 1233 1215 ’

74 1322 160 1381 'eam
180 1313 322 1380 dubitet.
341 1313 459 1399 Neque
482 1310 582 1377 nobis
604 1311 690 1377 serio
713 1312 751 1377 in
770 1311 860 1378 hanc
883 1332 956 1378 rem
975 1311 1124 1398 amplius
1146 1311 1198 1376 in·

86 1429 218 1515 quirere
241 1448 363 1515 operae
386 1425 536 1513 pretium
560 1448 631 1492 esse
654 1432 806 1513 apparet.

128 1543 249 1609 Paucis
271 1534 327 1610 vel
357 1540 462 1606 nullis
492 1541 591 1608 novis
621 1541 837 1627 argumentis
862 1540 975 1608 allatis
1005 1541 1198 1607 communis

82 1658 186 1724 fontis
209 1679 243 1724 se
267 1657 459 1723 defensores
483 1656 623 1743 professi
646 1661 745 1736 sunt:

127 1772 256 1838 Srcrran
274 1772 300 1859 2)
320 1793 375 1858 pg.
397 1772 450 1852 11,
471 1770 531 1857 qui
553 1770 603 1835 nil
620 1771 702 1839 novi
718 1772 892 1858 proferens
908 1792 950 1836 ex
970 1771 1088 1837 eodem
1099 1772 1199 1837 fonte

85 1883 248 1954 Tacitum
265 1891 298 1952 et
319 1884 544 1964 Plutarchum
566 1885 717 1966 hausisse
740 1885 925 1952 contendit.
1115 1883 1117 1887 ’

129 2003 313 2067 BncKuars
332 2000 369 2088 3),
386 2000 445 2087 qui
461 2021 515 2087 pg.
538 2001 566 2066 2.
587 2000 658 2066 adn
678 2001 708 2066 1.
728 2021 763 2066 se
781 1999 839 2065 diu
861 1999 1032 2066 dubitasse
1051 1999 1200 2066 declarat

86 2138 274 2203 quamnam
294 2115 492 2202 opinionem
516 2114 787 2202 amplecteretur,
812 2114 960 2202 denique
984 2119 1100 2180 tamen
1124 2136 1201 2180 auc·

85 2231 216 2297 toribus
245 2230 438 2296 communis
468 2230 571 2295 fontis
602 2251 636 2295 se
667 2229 864 2317 applicasse,
888 2229 992 2317 idque
1015 2230 1052 2294 in
1079 2230 1200 2316 primis

88 2345 180 2433 quod
204 2368 221 2411 e
246 2344 396 2412 Olascnii
420 2343 536 2412 libello
561 2345 587 2432 4)
611 2345 692 2411 satis
721 2350 901 2433 appareret
924 2345 1006 2426 „wie
1033 2344 1088 2410 ein
1120 2345 1203 2412 Ver-

43 2538 45 2543 ·
87 2461 181 2543 such,
202 2461 257 2527 die
280 2460 504 2547 Moglichkeit
519 2460 613 2526 einer
632 2462 835 2547 Benutrung
854 2461 913 2526 des
931 2460 1069 2526 Tacitus
1092 2458 1201 2525 durch

85 2574 249 2641 Plutarch
273 2575 383 2641 durch
407 2572 507 2640 einen
524 2573 710 2665 Vergleichv
722 2575 772 2640 im
788 2574 977 2641 Einzelnen
992 2573 1202 2640 nachzuwei·

87 2712 158 2772 sen,
177 2689 251 2755 sich
270 2689 374 2756 selbst
392 2689 548 2755 richtet.'’
568 2689 732 2755 Pontium
752 2689 864 2755 studio
884 2690 1037 2755 confecto
1057 2711 1134 2776 pgg.
1159 2690 1200 2754 66

87 2784 160 2892 sqq.
184 2809 306 2871 tractat
324 2804 573 2890 quaestionem:
597 2804 749 2885 „Plinius
767 2827 811 2871 an
830 2803 971 2878 Cluvius
986 2804 1128 2870 Rufus.''
1144 2803 1201 2869 Nil

35 2991 37 2996 ,
87 2919 288 2986 concludere
311 2919 415 2986 audet
436 2941 498 2985 nec
525 2918 641 3006 aliquo
669 2919 768 2985 firmo
795 2919 1021 2986 fundamento
1048 2918 1206 2985 Plinium

86 3035 143 3102 vel
167 3034 328 3102 Cluvium
347 3055 565 3100 communem
585 3035 715 3100 fontem
738 3015 858 3101 haberi
877 3056 975 3122 posse
997 3034 1178 3101 existimat.

133 3150 233 3215 Purra
254 3149 281 3236 5)
295 3170 350 3235 pg.
368 3149 409 3214 11
426 3148 504 3215 adn.
523 3149 553 3214 2.
572 3169 790 3216 communem
806 3151 935 3216 fontem
952 3149 1079 3231 statuit,
1096 3171 1200 3235 quarn

89 3266 132 3332 ad
156 3263 361 3330 sententiam
384 3263 591 3330 firmandam
613 3286 691 3351 pgg.
715 3266 848 3331 32-38
871 3264 1039 3331 nonnulla
1058 3264 1201 3346 disserit,

125 3433 151 3497 1)
170 3431 208 3483 Gi.
227 3432 244 3484 l.
263 3433 280 3483 1.
300 3449 358 3499 pgg.
379 3430 526 3486 787-792.

123 3527 151 3596 2)
170 3529 285 3581 Smxnn.
310 3528 351 3581 De
373 3529 486 3581 fontibus
509 3547 525 3580 a
543 3528 631 3581 Cassio
650 3529 735 3582 Dione
756 3530 785 3581 in
808 3529 996 3582 conscribendis
1014 3528 1090 3581 rebus
1107 3528 1168 3580 inde
1186 3545 1202 3579 a

89 3625 194 3678 Tiberio
212 3641 292 3691 usque
311 3624 343 3676 ad
361 3632 470 3677 mortem
489 3625 589 3678 Vitellii
607 3625 685 3692 gestis
702 3625 831 3678 adhibitis.
851 3626 920 3678 Dies.
936 3625 1084 3692 Gottingae.
1105 3623 1182 3679 1876.

127 3724 153 3790 3)
173 3722 203 3774 F.
222 3722 385 3774 Bncxunrs.
410 3722 463 3773 Zur
486 3721 676 3785 Quellenkritik
698 3722 743 3775 des
766 3723 880 3789 Tacitus,
903 3723 1000 3775 Sueten
1024 3722 1077 3774 und
1100 3720 1202 3773 Cassius

91 3819 158 3870 Dio:
176 3818 223 3869 das
241 3817 455 3885 Vierlraiserjahr.
474 3818 682 3886 Braunschweig.
703 3819 779 3873 1880.

127 3916 155 3979 4)
173 3915 205 3967 Ο.
225 3914 347 3966 Cursore.
365 3915 489 3966 Plutarch
507 3914 560 3967 und
578 3915 691 3967 Tacitus.
711 3916 800 3967 Berlin
819 3915 896 3969 1870.

128 4013 155 4079 5)
174 4012 246 4063 Mox
263 4012 356 4063 Purra.
375 4010 417 4063 De
435 4010 538 4064 Othone
556 4018 582 4064 et
600 4011 706 4065 Vitellio
724 4011 927 4078 Imperatorihus
944 4011 1113 4078 quaestiones.
1133 4010 1202 4062 Diss.

94 4093 221 4162 Halensis
244 4107 319 4162 1883.
346 4107 415 4160 Vide
439 4115 585 4175 praeterea:
611 4099 742 4160 Kunrzn:
766 4108 886 4175 Beitrsge
910 4125 956 4160 zur
981 4107 1135 4160 Geschichte
1159 4106 1204 4158 des

94 4206 426 4273 Otho-Vitellius·Krieges.
446 4207 535 4274 Progr.
554 4207 705 4273 Karlsruhe,
725 4207 801 4261 1885.
