3038 5190
631 540 673 603 19

139 729 270 795 Eodem
293 735 446 817 tempore
465 731 596 795 Linon
611 729 801 795 dissertatio
824 731 994 817 apparuit,
1018 730 1078 817 qui
1100 727 1203 797 aliam

93 865 133 909 ac
155 845 287 910 Krauss
308 845 401 912 viam
423 845 594 930 ingressus
624 850 682 910 cst.
706 845 896 912 Maximam
919 846 1012 911 enim
1034 867 1204 912 commen·

40 941 44 946 ’
94 961 233 1026 tationis
263 982 342 1026 suae
372 967 506 1047 partem
535 961 573 1025 in
603 961 792 1027 refutandis
822 961 1042 1050 opinionibus
1075 983 1203 1043 eorum,

93 1076 153 1160 qui
175 1096 394 1140 communem
409 1075 539 1141 fontem
555 1081 718 1157 statuunt,
733 1076 913 1162 impendit,
933 1077 959 1164 1)
979 1081 1017 1142 ut
1032 1077 1090 1159 sic,
1111 1075 1204 1142 illius

93 1190 280 1256 sentcntiae
301 1189 500 1256 infirmitate
516 1190 757 1273 demonstrata,
773 1191 883 1256 solum
902 1191 947 1257 ad
970 1192 1203 1279 quaestionem

94 1304 293 1372 diluendam
323 1307 493 1392 refugium
523 1306 566 1371 sit
595 1306 732 1372 Tacitus
763 1306 939 1373 Plutarchi
961 1313 1088 1374 auctor.
1112 1308 1205 1394 Mag-

93 1442 175 1486 nam
198 1442 338 1507 operam
361 1421 421 1487 dat
441 1427 480 1486 ut
502 1438 567 1502 eos,
591 1421 656 1507 qui¹
673 1422 831 1488 Tacitum
853 1422 923 1488 fere
944 1444 1055 1488 unum
1074 1423 1204 1488 fontem

93 1534 132 1599 in
162 1536 324 1601 Historiis
354 1535 542 1602 scribendis
572 1535 731 1602 habuisse
766 1537 985 1620 contendant,
1016 1538 1148 1604 refutet.
1178 1537 1204 1624 2)

95 1649 190 1716 Inter
212 1671 340 1733 omneS,
362 1652 486 1738 inquit,
510 1650 570 1738 qui
596 1651 634 1716 in
661 1650 853 1717 Annalium
874 1653 985 1718 fontes
1008 1652 1205 1739 diligentius

93 1764 356 1851 inquisiverunt,
387 1772 528 1848 constat,
558 1766 715 1832 Tacitum
745 1768 784 1832 in
814 1766 879 1833 hoo
902 1789 1003 1854 opere
1026 1766 1205 1833 condendo
1262 1804 1265 1808 -

95 1880 286 1967 complures
308 1886 341 1947 et
363 1882 542 1968 scriptores
565 1886 598 1947 et
620 1881 836 1948 alios‘fontes
851 1882 1057 1955 adhibuisse.
1082 1882 1206 1949 Aliana

93 1996 224 2061 ratione
254 1996 423 2063 Historias
453 1997 718 2083 composuisset?
749 1997 900 2064 Omnino
931 2019 1001 2063 non
1031 1997 1117 2063 illud
1148 1997 1206 2063 ad-

94 2109 228 2176 mittere
251 2132 430 2196 possumus
452 2132 541 2193 cum,
564 2111 659 2177 haud
689 2132 815 2197 magno
838 2111 1002 2198 temporis
1024 2111 1132 2199 spatio
1154 2111 1206 2176 in-

92 2226 295 2307 tercedente,
319 2225 471 2292 Annales
493 2232 570 2313 post
592 2226 761 2292 Historias
783 2226 927 2312 scriptae
958 2226 1026 2291 sint
1056 2246 1119 2291 nec
1149 2246 1205 2293 ve·
1292 2206 1295 2213 ¹

94 2339 235 2406 risimile
247 2341 290 2406 sit
301 2341 458 2406 Tacitum
470 2341 602 2407 circiter
614 2363 746 2407 annum
765 2341 1089 2428 quinquagesimum
1105 2362 1206 2428 agen·

93 2459 174 2537 tem,
198 2477 277 2521 cum
300 2456 469 2522 Historias
490 2456 649 2538 traderet,
665 2457 782 2543 (igitur
797 2461 899 2537 aetas,
922 2456 959 2521 in
983 2477 1051 2542 qua
1072 2456 1206 2522 indoles

92 2569 200 2635 animi
224 2570 420 2656 ingeniique
442 2570 512 2636 iam
541 2570 641 2636 firma
670 2570 869 2657 stabilisque
896 2571 985 2636 facta
1016 2571 1069 2657 sit)
1096 2570 1134 2635 in
1164 2571 1206 2637 iis

93 2684 346 2750 conscribendis
366 2684 467 2770 longe
490 2684 557 2751 alia
579 2707 620 2751 ac
648 2685 685 2750 in
716 2684 912 2763 Annalibus
940 2686 1071 2751 ratione
1103 2707 1203 2752 usum

92 2820 172 2865 esse.
206 2786 386 2864 Praeterea
414 2798 662 2885 Nipperdeium
695 2800 717 2866 l.
751 2800 773 2866 1.
809 2820 944 2865 summo
980 2800 1053 2864 iure
1088 2822 1203 2866 mone·
1305 2792 1307 2797 ’

92 2936 144 2980 re:
172 2916 292 2996 „Denn
322 2914 377 2980 bei
405 2914 571 2980 mancher
600 2915 906 2984 Verschiedenheit
939 2914 1103 2981 zwischen
1135 2915 1202 2982 den

91 3029 266 3095 Historien
288 3029 362 3094 und
385 3029 452 3096 den
475 3029 635 3095 Buchern
658 3029 701 3096 ab
724 3051 795 3095 exc.
820 3029 852 3095 d.
878 3028 964 3113 Aug.
988 3028 1033 3093 ist
1055 3029 1144 3096 doch
1167 3032 1203 3097 in

93 3143 153 3208 der
174 3144 338 3230 geistigen
360 3145 564 3232 Bedeutung
591 3146 665 3210 und
696 3145 756 3210 der
779 3142 997 3210 stilistischen
1025 3148 1206 3234 Fithigkeit

92 3260 130 3324 in
154 3258 276 3325 beiden
299 3260 449 3328 Werken
471 3261 662 3348 unleugbar
685 3262 761 3326 eine
779 3283 815 3326 so
831 3283 944 3348 grosse
960 3246 1206 3334 llbereinstim·

93 3397 209 3461 mung,
240 3375 318 3441 dass
349 3375 403 3442 die
434 3376 782 3449 Verschiedenheiten
814 3378 964 3465 dagegen
1000 3381 1206 3448 versohwin-

92 3489 183 3554 dend
213 3490 333 3576 garing
353 3490 443 3556 sind·
469 3490 542 3556 und
573 3491 642 3572 der,
672 3490 818 3558 welcher
847 3493 884 3557 in
916 3494 994 3560 dem
1023 3496 1123 3561 einen
1147 3496 1205 3563 ab·

92 3604 235 3686 schrieb,
259 3605 356 3671 nicht
377 3605 414 3670 in
438 3605 517 3670 dem
539 3605 671 3671 andern
694 3604 940 3694 selbstiindiger
962 3608 1202 3677 Schriftsteller

92 3740 243 3804 genesen
275 3719 347 3785 scin
377 3718 505 3784 kann.’'
535 3719 668 3784 Deinde
691 3721 807 3806 Lange
830 3743 996 3808 magnum
1019 3746 1203 3791 numerum

91 3832 243 3899 locorum
267 3833 373 3914 affert,
396 3831 457 3898 ubi
480 3833 616 3898 Tacitus
645 3839 704 3899 aut
726 3813 931 3901 nominatim
962 3859 1062 3904 suum
1091 3846 1203 3906 aucto-

128 4014 283 4078 110111.
303 4033 361 4082 pgg.
385 4015 471 4069 8-11
495 4015 527 4067 de
549 4016 669 4068 editionis
691 4024 813 4084 tempore,
839 4019 940 4072 15-17
960 4019 992 4071 de
1011 4019 1105 4074 Cluvio
1124 4022 1202 4095 Rufo,

91 4111 197 4165 29-48
214 4112 247 4164 de
264 4113 400 4180 propositis
418 4112 532 4164 fontibus
549 4113 734 4165 communibus.

127 4207 154 4277 2)
174 4208 212 4260 Cf.
231 4209 248 4261 l.
267 4209 284 4260 1.
304 4226 361 4276 pgg.
380 4209 423 4261 49.
443 4226 498 4276 sqq.
1030 4281 1032 4286 .

1029 4298 1068 4362 2*
