3038 5190
623 546 665 616 79

132 736 228 816 Oap'.
241 734 482 816 3.“Κρισπῖνον
509 734 547 800 ὁέ
572 737 769 818 πέμψαντος
796 737 899 798 αὐτοῦ
920 738 976 824 (sc.
1002 738 1116 828 Otho.)
1137 740 1199 822 την

83 847 371 938 ἑπτακαιδεκάτην
392 860 531 931 σπεῖραν
554 850 681 930 Ὠστίας
702 849 882 931 ἀπάξοντα,
905 852 1061 915 κάκείνου
1078 855 1199 936 νυκτὸς

82 960 136 1024 ἐτι
149 965 442 1045 συσκευαζομένου
463 968 517 1028 καῖ
537 966 579 1028 τά
593 963 681 1029 ὅπλα
694 974 767 1046 ταῖς
781 965 923 1046 ἁμάξαις
937 966 1150 1049 ἐκτιθέντος,
1168 972 1200 1032 οῖ

81 1074 288 1157 θρασύτατοι
308 1081 431 1161 πάντες
451 1080 562 1162 ἐβόων
584 1079 684 1144 οὐθέν
703 1080 795 1161 ὑγιὲς
815 1080 875 1144 τάν
893 1080 1079 1163 Κρισπῖνον
1105 1085 1198 1166 ἥκειν

83 1190 336 1275 ὁιανοοθμενον,
352 1194 439 1258 ἀλλὰ
453 1196 515 1278 την
529 1194 719 1278 σύγκλητον
735 1196 911 1279 ἐπιχειρεῖν
926 1198 1094 1279 πράγμασι
1115 1214 1197 1262 νεω-

83 1308 197 1389 τέροις
216 1312 271 1373 καὶ
291 1310 332 1373 τά
354 1309 440 1374 ὅπλα
460 1310 546 1373 κατά
567 1310 751 1391 Καίσαρος,
780 1312 820 1373 σθ
848 1311 995 1394 Καίσαρι
1015 1316 1194 1395 παρακομί-

83 1421 212 1500 ζεσθαι.
236 1422 302 1487 Τοῦ
323 1422 362 1487 ὁέ
381 1423 490 1507 λόγου
510 1423 648 1487 πολλῶν
668 1425 858 1504 ἁπτομένου
871 1429 926 1488 καὶ
947 1425 1199 1509 παροξύνοντος

86 1539 120 1599 οῖ
136 1538 202 1616 μὲν
222 1538 496 1621 ἐπελαμβάνοντο
517 1548 586 1603 τῶν
607 1539 755 1621 ἁμαξῶν,
771 1543 803 1603 οἱ
816 1540 854 1603 ὁέ
868 1541 948 1622 τοὺς
961 1543 1199 1623 ἐνισταμένους

86 1652 339 1736 ἑκατοντάρχας
359 1651 420 1717 balo
433 1656 488 1716 καὶ
502 1654 563 1717 τὸν
577 1653 764 1737 Κρισπῖνον
778 1654 881 1718 αὐτὸν
896 1656 1104 1732 ἀπέκτειναν,
1120 1658 1200 1719 πάν-

86 1785 145 1846 τες
167 1765 205 1828 ὁέ
226 1767 526 1847 ὁιασκευασάμενοι
546 1770 601 1831 καὶ
620 1767 917 1850 παρακαλέσαντες
933 1769 1104 1854 ἀλλήλους
1118 1771 1200 1835 Kal·
1319 1784 1320 1787 ’

86 1894 165 1962 σαρι
184 1880 321 1963 βοηθεῖν
348 1881 496 1965 ἤλαυνον
524 1885 572 1964 εἰς
591 1885 660 1966 ’τὴν
688 1883 822 1968 Ῥώμην·
847 1886 902 1946 καὶ
921 1885 1103 1967 πυθόμενοι
1123 1886 1199 1968 παρ’

85 1997 180 2077 αὐτῷ
201 1995 345 2060 ὁειπνεῖν
366 1996 575 2084 ὀγδοήκοντα
596 1997 839 2081 συμκλητικοθς
862 2000 1030 2081 ἐφέροντο
1051 2001 1135 2082 πρὸς
1155 2001 1198 2064 τά

89 2108 252 2190 βασίλεια,
276 2117 336 2180 eto.

130 2227 174 2292 In
198 2229 389 2295 enarrando
420 2227 571 2294 militum
600 2227 751 2295 tumultu
781 2250 904 2316 parum
935 2237 1089 2298 accurate
1119 2232 1198 2298 Plu·

83 2342 246 2408 tarchum
275 2347 464 2428 grassatum
496 2364 566 2408 esse
601 2349 752 2430 apparet.
789 2344 920 2430 Nempe
950 2366 992 2411 ox
1020 2347 1097 2411 'eius
1124 2368 1197 2415 ver·

84 2455 139 2521 bis
170 2457 405 2523 concludimus
435 2457 570 2538 milites,
598 2479 676 2523 cum
705 2458 883 2546 Crispinus
905 2481 1001 2527 arma
1025 2453 1211 2548 compara?

83 2576 137 2636 ret
171 2570 404 2658 vehiculisque
433 2571 648 2658 imponeret,
672 2571 786 2639 Ostiae
823 2574 979 2641 seditiose
1013 2576 1118 2661 egisse
1149 2583 1198 2642 at·

84 2706 162 2772 que,
193 2686 349 2773 Crispino
371 2685 573 2773 duobusque
599 2687 856 2754 centurionibus
880 2688 1100 2772 obtruncatis
1127 2692 1192 2757 Ro·

84 2807 181 2867 mam
203 2806 316 2868 vectos
339 2821 420 2882 esse,
442 2799 493 2866 ibi
517 2799 662 2866 decena
685 2808 882 2868 senatorum
905 2804 997 2889 apud
1022 2803 1195 2870 Othonem

83 2915 241 2995 audiisse,
273 2915 395 2981 deinde
425 2914 614 2982 triclinium
637 2916 807 3004 irrupisse.
843 2915 956 3004 Atque
986 2939 1046 3004 per
1070 2941 1104 2986 se
1126 2920 1196 2986 iam

83 3032 171 3097 haec
190 3031 324 3098 traditio
343 3031 428 3098 falsa
451 3035 510 3097 est.
541 3030 713 3117 Equidem
741 3033 833 3098 enim
856 3054 927 3098 non
954 3034 1113 3121 intellego
1137 3057 1197 3102 cur
1249 3078 1250 3082 =

84 3146 221 3229 milites,
244 3146 339 3213 Ostia
361 3147 509 3212 Romam
539 3148 732 3233 profecturi,
761 3147 827 3233 ipsi
850 3161 946 3214 arma
973 3155 1104 3235 gestare
1126 3172 1196 3216 non

85 3261 268 3349 potuerint.
291 3261 469 3327 Praeterea
488 3267 604 3326 monet
622 3260 745 3346 Hardy
768 3262 847 3328 adn.
871 3284 901 3329 a.
922 3262 957 3330 h.·
978 3263 999 3331 l.
1023 3264 1113 3330 inter
1131 3265 1197 3330 Ro·

85 3361 180 3443 mam
203 3383 237 3443 et
259 3376 391 3445 Ostiam
414 3376 562 3462 spatium
583 3376 854 3463 quattuordecim
874 3378 1010 3444 milium
1033 3401 1196 3470 passuum

90 3467 171 3574 essa,
192 3489 314 3571 νυκτὸς
334 3490 382 3552 ἐτι
402 3512 498 3556 arma
520 3490 688 3557 vehiculis
714 3491 874 3578 imposita
896 3511 986 3571 esse,
1001 3493 1123 3560 deinde
1149 3516 1196 3560 se·

88 3607 255 3673 ditionem
279 3605 451 3687 exarsisse,
474 3605 599 3671 milites
623 3607 770 3672 Romam
784 3622 997 3693 properasse,
1020 3613 1059 3674 ut
1077 3609 1197 3695 procul

89 3722 194 3789 dubio
207 3743 325 3788 eorum
340 3721 492 3788 adventu
508 3721 673 3788 convivae
684 3722 755 3788 iam
767 3722 938 3790 abiissent.
959 3705 1071 3789 Aliter
1081 3728 1196 3789 autem

89 3859 162 3903 rem
185 3858 220 3903 se
239 3835 398 3903 habuisse
418 3835 521 3901 etiam
541 3858 558 3901 e
577 3836 694 3902 Tacito
715 3836 871 3923 colligere
890 3859 1077 3924 possumus
1101 3838 1146 3903 H.
1167 3837 1194 3903 I.
1239 3858 1240 3861 ¹

89 3954 133 4018 80
158 3952 378 4039 ,Septumam
397 3950 577 4017 decumam
602 3951 776 4017 cohortem
796 3968 813 4018 e
833 3952 966 4018 colonia
989 3952 1136 4019 Ostiensi
1158 3952 1196 4017 in

90 4067 213 4134 urbem
235 4067 336 4144 acciri
361 4065 451 4132 Otho
473 4067 647 4132 iusserat.”
682 4068 772 4152 Ergo
804 4067 923 4132 cohors
952 4066 1012 4133 illa
1034 4067 1103 4134 iam
1130 4068 1196 4133 Ro·
1232 4137 1234 4141 Α

92 4205 186 4252 mam
207 4181 402 4263 advenerat,
426 4181 494 4262 sed,
518 4187 557 4247 ut
579 4181 769 4268 apparebit,
789 4182 946 4247 nondum
965 4189 1095 4250 armata
1114 4189 1195 4250 erat.
