3038 5190
897 537 917 600 2

390 725 552 791 Pontium
576 725 787 810 indagationi
811 725 943 811 primus
968 746 1107 812 operam
1133 727 1227 792 dedit
1249 729 1410 794 Huunmu
1436 731 1474 817 1),

346 840 441 907 cuius
460 839 547 906 liber
564 839 600 904 id
620 839 819 925 praesertim
839 839 1060 906 memorabile
1076 840 1181 907 habet
1197 842 1288 928 quod
1307 844 1474 929 primum

347 954 424 1021 talis
447 954 484 1019 in
508 953 732 1019 Plutarchum
756 954 859 1020 studii
883 955 1054 1040 specimen
1078 961 1136 1021 est.
1162 956 1324 1022 Haerenii
1345 959 1473 1044 opinio

346 1070 432 1135 haec
460 1075 525 1134 est:
550 1091 605 1155 pg.
638 1069 702 1134 189
731 1069 795 1150 „Et
818 1070 975 1156 quamvis
999 1069 1098 1156 plura
1125 1078 1307 1137 occurrunt
1332 1094 1426 1159 quac
1452 1096 1473 1139 a

346 1185 462 1251 Tacito
493 1205 628 1271 quoque
659 1187 862 1250 enarrantur
892 1184 1035 1250 minime
1063 1191 1178 1251 tamen
1202 1192 1357 1252 nostrum
1381 1210 1471 1254 cum

345 1306 424 1366 ante
454 1297 568 1365 oculos
598 1298 757 1364 habuisse
787 1298 869 1364 inde
899 1298 1101 1365 concludere
1125 1299 1218 1380 licet3
1248 1323 1335 1387 quae
1367 1303 1471 1368 enim

347 1413 543 1479 communia
573 1412 677 1479 habet
701 1435 780 1480 cum
803 1413 920 1480 Tacito
943 1420 976 1479 et
1006 1436 1115 1500 pauca
1139 1421 1228 1494 sunt,
1256 1421 1289 1481 et
1312 1415 1471 1502 plerum·

346 1549 412 1615 que
439 1527 542 1614 paulo
572 1528 670 1594 aliter
700 1534 734 1594 et
762 1529 930 1615 copiosius
955 1550 1058 1615 quam
1081 1552 1102 1595 a
1130 1530 1246 1595 Tacito
1274 1532 1469 1616 exposita.''

347 1642 552 1708 Communia
574 1643 664 1708 inter
686 1643 842 1709 Tacitum
863 1648 896 1708 et
917 1641 1141 1708 Plutarchum
1165 1665 1235 1709 non
1258 1666 1377 1731 pauca,
1404 1649 1468 1714 sed

347 1755 456 1821 multa
479 1777 549 1822 esse
572 1779 667 1822 nunc
697 1757 788 1823 inter
817 1778 936 1822 omnes
959 1763 1099 1823 constat.
1127 1758 1247 1824 Paullo
1270 1765 1347 1844 post
1370 1768 1468 1828 recte

347 1871 446 1936 dicit:
473 1871 680 1957 „Scriptores
702 1893 783 1940 vero
807 1892 891 1958 quos
914 1872 978 1938 sibi
1002 1878 1202 1959 praeeuntes
1225 1873 1356 1955 habuit,
1386 1881 1469 1942 tan-

346 1990 420 2052 tum
444 2007 514 2050 non
538 1986 679 2051 omnino
702 1987 859 2072 ignorare
882 2008 945 2052 nos
970 1986 1080 2054 voluit
1102 1987 1320 2070 Plutarchus;
1349 1989 1469 2056 solum

347 2101 440 2166 enim
467 2122 509 2166 ex
531 2101 574 2165 iis
597 2100 758 2168 Cluvium
781 2103 909 2167 Rufum
933 2101 1090 2168 nominat
1113 2106 1173 2168 etc.
1201 2126 1247 2189 pg
1271 2105 1343 2169 190.
1370 2105 1470 2186 „Mo-

347 2220 501 2285 nendum
520 2225 694 2306 praeterea
714 2226 772 2302 est,
797 2242 867 2286 non
886 2220 1003 2286 omnia
1019 2242 1098 2286 eum
1121 2221 1178 2287 hic
1198 2243 1240 2287 ex
1263 2221 1360 2288 libris
1378 2223 1469 2290 hau·

346 2335 437 2418 sisse,
456 2334 515 2399 sed
535 2334 644 2400 multa
667 2356 802 2421 quoque
822 2335 942 2401 auditu
965 2335 1163 2421 accepisse.'’
1187 2336 1354 2404 Videmus
1373 2337 1468 2405 Hee-

346 2449 432 2515 rcnii
455 2448 622 2514 iudicium
645 2469 847 2535 suspensum
867 2469 937 2514 esse
960 2470 1023 2514 nec
1051 2449 1236 2535 quicquam
1267 2450 1348 2516 certi
1379 2451 1467 2519 inde

347 2564 443 2629 effici*
456 2584 563 2650 posse.

390 2679 510 2745 Postea
532 2699 613 2745 vero
633 2677 785 2764 quaestio
801 2677 910 2763 magis
928 2678 1020 2752 intra
1036 2677 1121 2743 fines
1140 2684 1247 2744 certos
1267 2679 1468 2748 contineba.

345 2799 402 2858 tur
424 2793 678 2879 sententiaeque
708 2792 900 2858 disertiores
929 2793 1170 2879 pronuntiatae
1201 2799 1289 2862 sunt.
1321 2795 1362 2859 In
1394 2794 1466 2863 hac

346 2908 460 2976 verbis
479 2907 843 2975 dimicantiumturba
866 2909 953 2975 duae
975 2908 1137 2974 factiones
1156 2909 1307 2975 maxime
1330 2912 1467 2996 conspi-

346 3023 494 3104 ciuntur,
525 3045 670 3110 quarum
702 3022 809 3089 altera
839 3044 1057 3088 communem
1091 3023 1266 3088 Plutarchi
1298 3029 1330 3089 et
1353 3025 1466 3092 Taciti

345 3137 476 3202 fontem
500 3137 627 3218 statuit,
658 3136 764 3202 altera
791 3136 1014 3203 Plutarchum
1038 3158 1055 3202 e
1078 3138 1194 3203 Tacito
1221 3138 1373 3204 hausisse
1397 3162 1464 3225 pro

347 3258 438 3318 certo
461 3250 574 3318 habet.
595 3252 689 3317 Inter
709 3251 831 3338 prioris
854 3251 1026 3338 opinionis
1046 3252 1238 3318 defensores
1258 3254 1465 3322 nominandi

348 3372 443 3433 sunt:

393 3483 529 3548 Hmznr
552 3483 589 3570 2),
613 3481 673 3569 qui
695 3504 773 3568 pgg.
797 3482 905 3547 8-36
932 3481 1058 3548 multos
1079 3481 1265 3564 Plutarchi,
1297 3483 1464 3570 Suetonii,

349 3623 521 3676 beherrschen
544 3624 676 3676 vermooht
698 3623 752 3689 hat,
775 3640 803 3676 so
826 3623 887 3690 liegt
910 3622 957 3675 der
979 3623 1073 3675 Grund
1095 3623 1162 3676 wohl
1185 3642 1244 3676 zum
1267 3641 1370 3691 grossen
1389 3624 1465 3678 Teilc

349 3712 432 3787 darin,
451 3721 509 3773 dass
527 3720 582 3772 sein
605 3720 721 3785 Streben,
745 3720 787 3772 ein
809 3720 901 3787 glattes
924 3718 977 3771 und
999 3720 1129 3787 gefiilliges
1151 3720 1245 3772 Latein
1267 3737 1298 3772 zu
1322 3720 1464 3781 schreibem

346 3810 397 3868 'mit
415 3816 460 3882 der
478 3816 693 3884 Notwendigkeit‚
711 3816 762 3868 den
784 3816 950 3883 schwierigen
973 3816 1139 3883 Gegenstand
1157 3816 1241 3868 seiner
1263 3816 1467 3884 Untersuchung

350 3912 408 3964 klar
425 3913 479 3966 und
497 3913 624 3980 vielseitig
641 3930 672 3964 zu
691 3912 844 3978 behandeln,
862 3913 890 3964 in
904 3912 1028 3964 'Konflikt
1045 3920 1150 3980 geratcn
1168 3913 1217 3964 iss’
1236 3920 1282 3964 etc.

388 4011 414 4076 1)
432 4010 465 4061 Α.
484 4011 521 4062 Η.
540 4011 571 4062 L.
590 4010 724 4061 Huuauu.
736 4009 786 4061 ·De
803 4009 917 4061 fontibus
934 4016 960 4061 et
978 4009 1129 4061 auctoritate
1147 4008 1259 4061 vitarum
1281 4008 1464 4075 parallelarum

351 4106 491 4159 Plutarchi.
511 4106 658 4174 Gottingae.
679 4104 755 4160 1820.

387 4203 414 4263 a>
434 4203 462 4254 Ο.
482 4204 552 4256 Cur.
572 4204 602 4255 F.
622 4204 744 4255 Hnazm.
759 4202 923 4269 Comparatio
941 4219 1030 4254 eorum
1048 4201 1157 4269 quaeda
1170 4201 1366 4268 imperatoribus
1380 4199 1466 4253 Galba
