3038 5190
723 561 766 626 99

227 751 327 832 cap.
350 754 405 819 15.

223 863 442 946 Μάκρωνα
459 865 528 946 γάρ
541 866 580 928 ἐν
594 864 699 946 Λιβύῃ
714 863 767 927 ὁιά
784 864 1085 946 Τρεβωνιανοῦ
1101 906 1135 915 -
1152 868 1296 932 ἀνελών.

235 973 313 1038 1)αο
335 971 392 1038 hic
404 992 532 1038 errores
549 972 738 1039 offendunt.
757 972 806 1038 Cf.
824 973 902 1039 Tac.
920 973 965 1039 H.
987 974 1013 1040 Ι.
1032 974 1062 1040 7.
1087 975 1297 1055 „Macrum

182 1088 220 1152 in
245 1086 672 1154 Africa—Trebonius
690 1127 733 1136 -
754 1087 955 1154 interfecit.''
976 1088 1057 1175 Cap.
1079 1090 1120 1154 13
1151 1088 1298 1170 Μάκρον

182 1206 275 1268 recte
298 1201 463 1289 scriptum
487 1207 546 1268 est.

226 1317 373 1383 Difficile
393 1323 443 1383 est
465 1317 663 1404 dignoscere
687 1322 856 1404 quantum
876 1317 1052 1384 Plutarchi
1071 1317 1296 1405 negligentiae

182 1436 420 1519 quantumque
450 1430 595 1499 librarii
611 1431 784 1499 socordiae
819 1430 1042 1498 tribuendum
1076 1433 1128 1499 sit.
1165 1432 1296 1520 Opinor

182 1552 258 1613 tum
285 1546 424 1613 demum
455 1547 661 1613 correctione
692 1568 777 1634 opus
800 1549 881 1629 esse,
905 1547 933 1612 si
956 1546 1080 1614 vitium
1102 1548 1296 1635 palaeogra-

182 1662 326 1749 phioum
341 1662 514 1749 irrepsisse
529 1668 588 1729 aut
604 1667 722 1729 contra
744 1662 897 1750 aliquam
913 1663 1083 1730 scribendi
1102 1686 1260 1735 normam
1276 1687 1296 1731 a

182 1776 345 1863 scriptore
375 1777 594 1844 constitutam
623 1783 800 1864 peccatum
832 1799 902 1844 esse
926 1784 1064 1846 constet.
1089 1778 1235 1866 Ubique,
1259 1786 1298 1845 ut

182 1893 248 1958 hoc
267 1897 353 1973 utar,
371 1892 512 1959 Catulus
535 1891 693 1959 scribitur
709 1914 770 1980 per
793 1889 932 1972 Κάτλος
954 1899 1094 1980 excepto
1112 1894 1181 1963 Vit.
1199 1894 1295 1981 Popl.

182 2031 260 2095 cap.
277 2008 318 2073 15
330 2008 391 2075 ubi
403 2005 542 2087 Κάτλος
556 2029 617 2095 pro
632 2005 1072 2088 Korovlogrestituendum
1083 2015 1176 2096 puto.
1191 2010 1240 2077 Cf.
1254 2011 1294 2076 G.

183 2121 364 2202 8Σκῑκλος
384 2155 415 2177 =
434 2121 664 2209 spiculus;.0.
682 2123 702 2189 7
718 2121 877 2203 Πρόκλος
898 2157 928 2180 =
944 2123 1117 2190 Proculus.
1139 2125 1296 2191 Ceterum

181 2259 450 2324 nonnumquam
467 2258 491 2303 u
506 2235 632 2303 vocalis
647 2242 801 2324 correpta
816 2260 877 2324 per
899 2257 938 2300 ον
958 2237 1127 2321 scribitur,
1143 2239 1239 2307 velut
1255 2241 1295 2307 G.

183 2353 229 2418 24
255 2350 502 2432 Φεβρουαρίων,
524 2353 566 2419 27
595 2349 783 2431 Φάβουλον.

230 2467 417 2554 sequentes
438 2467 476 2532 in
508 2467 587 2533 vitis
616 2468 709 2534 hisce
739 2467 804 2533 loci
835 2467 1047 2558 corrigantur
1069 2489 1206 2536 necesse
1230 2475 1295 2537 est:
1343 2534 1345 2539 ,
1480 2468 1485 2474 ’

182 2583 227 2650 G.
260 2583 291 2649 4.
322 2580 493 2661 Ἰούνιος
523 2578 663 2663 Ούινὸιξ,
687 2584 795 2648 immo
817 2579 998 2661 Ἰούλιος.
1021 2582 1069 2648 Cf.
1093 2584 1171 2650 Tac.
1204 2584 1296 2653 Ann.

182 2698 265 2766 XV.
290 2698 341 2764 74.
367 2697 401 2763 C.
426 2696 501 2762 Dio.
526 2699 578 2763 63.
603 2698 655 2763 22.
679 2697 768 2764 Suet.
793 2699 882 2764 Nero
906 2698 959 2764 lo.

231 2813 272 2880 Ο.
296 2812 327 2878 5.
353 2818 413 2878 eto.
446 2809 642 2891 Κεκίνας.
664 2813 816 2879 Restitue
839 2810 1057 2892 Καικίνας,
1082 2813 1236 2896 Caecina,
1259 2819 1298 2880 ut

182 2930 258 2996 iam
277 2927 384 2994 Cobet
398 2928 424 3015 1)
441 2927 557 2993 docuit
571 2927 739 3010 scribens„
760 2929 802 2992 In
819 2927 1017 2994 nominibus
1036 2929 1182 3016 propriis
1197 2949 1297 3015 saepe

182 3043 328 3112 vitiosae
350 3043 479 3108 formae
502 3042 650 3108 nimium
673 3042 842 3129 patienter
865 3047 1053 3109 servantur.
1078 3039 1227 3121 Κεκίνας
1258 3042 1296 3107 in

182 3159 324 3226 Othone
346 3156 384 3239 53
409 3153 608 3244 Κεκινητων
627 3158 665 3223 in
688 3156 835 3224 Romulo
858 3160 910 3224 16.
935 3158 1018 3223 etc.’'

225 3273 276 3352 εἰς
295 3269 392 3333 πάλιν
413 3268 608 3333 Ἀκύνιον·
626 3273 909 3358 Transponantur
922 3291 943 3332 ν
963 3276 996 3338 et
1010 3291 1029 3344 ι,
1044 3274 1083 3336 ut
1101 3270 1161 3336 fiat
1179 3269 1299 3332 Ἀκοῐ-

182 3407 271 3452 νον.
296 3387 344 3453 Cf.
368 3386 446 3452 Tac.
466 3387 512 3454 H.
537 3389 563 3453 Ι.
588 3388 640 3453 88.
667 3387 724 3469 „in
748 3387 918 3453 coloniam
941 3385 1153 3472 Aquinum.''
1177 3385 1298 3453 Strabo

183 3504 228 3571 V.
255 3503 329 3569 237.
350 3499 499 3564 Ἁκνίνον
523 3502 609 3568 Ptol.
632 3503 686 3568 ΙΠ
711 3504 739 3569 1.
762 3500 1297 3586 63.Ἀκούινον.81ο11111ςε11.1.

183 3639 241 3704 pg.
259 3618 301 3684 16
317 3617 416 3683 docet
433 3616 544 3703 „qui'',
555 3617 568 3681 i
580 3616 756 3703 producta,
773 3638 834 3704 per
855 3636 908 3677 και
922 3614 1023 3682 scribi
1035 3614 1151 3681 solere.
1171 3615 1297 3682 Contra

185 3754 255 3798 non
281 3731 481 3818 corrigenda
504 3737 584 3797 sunt
605 3732 699 3814 vitia,
724 3752 855 3818 qnaea
886 3729 1062 3796 Plutarchi
1089 3730 1297 3816 negligentia

186 3848 332 3933 profecta
345 3847 349 3901 Ῑ
354 3846 464 3912 videri
480 3851 622 3932 possunt
640 3846 680 3912 G.
699 3845 750 3928 15,
774 3851 813 3912 ut
835 3843 1024 3924 Μάκρωνα,
1050 3842 1294 3925 Τρεβωνιανοῦ.

223 4029 248 4087 ll
265 4027 361 4081 Variae
379 4027 514 4080 Lectiones
532 4045 573 4094 pg.
593 4026 652 4079 121.
671 4026 703 4078 de
721 4027 869 4080 contusione
887 4047 900 4080 ε
918 4035 943 4080 et
962 4047 995 4080 αι.

225 4123 266 4175 Ct:
284 4125 315 4176 A.
335 4125 503 4176 Sroxmona.
522 4123 565 4176 De
582 4123 685 4191 linguae
703 4124 812 4176 Latinae
830 4124 899 4192 apud
917 4122 1085 4175 Plutarchum
1099 4129 1125 4175 ct
1138 4121 1254 4188 reliquiis
1268 4128 1294 4172 et

194 4220 304 4287 vestigiis.
323 4221 393 4274 Dies.
413 4220 534 4273 Heidelb.
554 4238 595 4287 pg.
616 4222 657 4272 11.

1123 4305 1162 4370 7*
