3038 5190
630 548 651 612 3

88 741 205 823 Taciti,
237 739 357 806 Dionis
391 740 481 805 locos
512 744 688 825 comparat
715 759 900 825 eorumque
936 739 1196 805 similitudinem

88 858 306 923 demonstrat.
335 855 411 934 Qua
441 853 675 935 similitudine,
707 853 906 940 praesertim
927 853 1018 920 inter
1040 841 1197 920 Tacitum

88 976 121 1037 et
143 969 366 1037 Plutarchum
388 973 594 1049 occurrente,
617 967 799 1034 adducitur
822 973 860 1034 ut
878 989 935 1034 eos
957 969 1104 1035 eundem
1127 969 1199 1034 fon·

88 1091 157 1151 tem
174 1084 368 1151 adhibuisse
384 1089 480 1171 putet
495 1084 584 1171 (pgg.
605 1083 759 1171 38-41).
780 1080 838 1168 Pg.
855 1083 897 1149 41
915 1087 1074 1170 quattuor
1088 1084 1198 1148 fontes

88 1199 201 1266 afferri
217 1220 313 1285 posse
333 1199 518 1264 existimat:
537 1197 572 1264 Ο.
590 1196 753 1278 Plinium,
770 1196 978 1283 Vipstanum
995 1196 1198 1278 Messallam,

90 1313 249 1381 Cluvium
272 1313 412 1394 Rufum,
436 1317 510 1378 aeta
536 1312 670 1392 diurna,
694 1310 832 1397 publica
858 1315 931 1393 etc,
955 1333 973 1377 e
996 1311 1121 1398 quibus
1143 1333 1197 1398 pg.

89 1429 131 1494 42
153 1431 238 1508 acta,
262 1433 301 1492 ut
329 1426 465 1513 publice
495 1426 678 1512 proposita,
702 1425 826 1490 deinde
849 1447 869 1491 a
891 1424 1009 1491 multis
1032 1425 1199 1512 evulgata,

89 1563 309 1609 communem
330 1542 460 1607 fontem
482 1541 585 1606 fuisse
609 1539 793 1606 contendit.
815 1539 909 1618 Quae
933 1539 1100 1606 sententia
1119 1539 1199 1627 satis
1264 1551 1267 1557 ’

89 1677 258 1742 superque
281 1656 426 1721 refutata
442 1660 491 1720 est
510 1677 530 1720 a
551 1656 817 1722 Wrananarrrrro
833 1654 870 1741 1),
887 1653 947 1739 qui
962 1676 1009 1740 pg
1031 1654 1074 1719 46
1092 1658 1202 1719 osten-

90 1770 141 1837 dit
170 1769 360 1836 Hirzelium
392 1768 508 1856 qualia
538 1775 613 1834 acta
652 1768 777 1834 diurna
806 1769 934 1834 fuerint
966 1790 1071 1855 prave
1104 1768 1203 1834 intel·

89 1884 220 1950 lexisse.
242 1884 328 1950 Satis
348 1883 441 1949 enirn
464 1887 595 1951 constat
616 1883 718 1963 „actis
734 1882 866 1948 diurnis
881 1883 918 1947 in
938 1882 1010 1948 dies
1030 1883 1202 1969 dispositis

88 1999 242 2084 volgaria
257 1998 440 2085 publicata,
456 1997 719 2084 unumquidque
730 1997 879 2063 mixtum
892 2019 971 2063 cum
986 2018 1202 2084 unoquoque,

69 2135 142 2201 res
166 2113 287 2179 diffuse
309 2112 533 2199 perscriptas''
557 2133 636 2178 esse.
661 2111 765 2178 Hisce
795 2112 883 2178 adde
913 2117 1114 2198 argumenta
1144 2113 1204 2178 Pe·

90 2229 134 2294 tri
157 2226 183 2316 2)
206 2250 274 2314 pgg
297 2228 350 2308 42,
374 2228 427 2292 43.
453 2226 669 2307 „Hdchstens¹
689 2227 818 2292 konnte
840 2248 901 2293 aus
919 2226 1025 2292 ihnen
1043 2225 1104 2313 (sc:
1129 2232 1203 2292 aeta
1251 2205 1255 2211 ’

91 2342 228 2429 diurna)
245 2341 299 2406 die
318 2341 447 2406 Kunde
467 2362 535 2407 von
559 2340 626 2405 den
642 2340 818 2407 einzelnen
835 2341 1051 2426 Ereignissen
1066 2362 1204 2426 genom-

90 2478 171 2522 men
193 2456 329 2523 werden
348 2455 421 2520 und
446 2454 541 2521 dann
562 2458 650 2521 wire
674 2476 708 2520 es
730 2455 854 2520 immer
876 2456 966 2521 noch
989 2455 1203 2536 wonderbar,

91 2571 169 2638 dass
191 2571 270 2656 jene
294 2569 367 2635 drei
391 2569 545 2635 Antoren
570 2569 625 2656 (so.
646 2570 723 2636 Tae.
749 2569 839 2635 Suet.
863 2569 964 2656 Plut.)
987 2571 1110 2655 gerade
1134 2570 1204 2635 die·

91 2686 182 2752 selbe
208 2684 371 2751 Auswahl
399 2705 459 2750 aus
478 2684 595 2770 jenem
624 2686 723 2752 Wust
746 2706 815 2752 von
838 2685 1078 2771 grdssentheils
1100 2685 1205 2751 unbe-

91 2801 286 2867 deutenden
308 2799 525 2885 Ereig'nissen
556 2799 616 2891 des
646 2799 752 2884 Tages
781 2800 946 2884 getroffen
979 2801 1049 2866 und
1071 2801 1109 2865 in
1132 2801 1206 2866 der·

90 2913 207 2980 selben
231 2912 452 2999 Reihenfolge
472 2912 669 2998 dargestellt
687 2912 800 2979 haben
818 2911 950 2995 sollten,
968 2936 1008 2979 zu
1027 2914 1206 3000 gesohwei·

90 3050 156 3114 gen
179 3049 249 3096 von
272 3028 339 3093 den
369 3027 557 3093 {thnlichen
588 3025 769 3094 Urtheilen
800 3026 872 3091 und
896 3026 1020 3094 violem
1051 3028 1204 3111 Andern,

72 3164 160 3210 ,was
189 3165 249 3228 gar
279 3141 376 3207 nicht
406 3141 443 3206 in
473 3141 542 3206 den
565 3141 649 3206 actis
673 3141 805 3206 diurnis
831 3141 951 3207 stehen
973 3143 1103 3208 konnte
1133 3143 1204 3208 und

92 3258 166 3324 sich
189 3257 278 3323 doeh
301 3257 339 3322 in
366 3255 456 3322 allen
488 3255 607 3320 dreien
638 3255 676 3320 in
706 3255 855 3342 gleioher
877 3257 989 3324 Weise
1016 3257 1155 3323 findet.''
1180 3257 1206 3344 3)

98 3379 280 3388 —--——

88 3446 115 3490 et
133 3437 237 3489 Othone
255 3438 337 3488 relata
359 3436 469 3503 legimus
494 3436 562 3503 apud
586 3437 706 3488 Tacitum
729 3437 898 3490 Plutarchum
917 3437 1070 3489 Suetonium
1089 3437 1206 3491 Cassium

91 3534 213 3599 Dionem,
235 3533 355 3585 instituta
372 3550 432 3585 cum
450 3533 483 3584 ad
501 3534 605 3585 illorum
630 3533 784 3600 scriptorum
808 3534 929 3600 indolem,
955 3542 1010 3586 tum
1033 3533 1066 3585 ad
1088 3535 1208 3600 fontium,

92 3647 125 3682 ex
143 3630 236 3697 quibus
254 3630 395 3695 hauserint,
414 3630 540 3682 rationem
558 3631 767 3697 pernoscendam.
787 3631 963 3699 Stuttgartiae.
984 3621 1060 3685 1851.

129 3727 155 3793 1)
173 3727 227 3778 ΤΗ.
249 3727 443 3779 Wmnmrarrrs.
463 3726 505 3778 De
524 3727 615 3778 Tacito
633 3727 757 3779 Suetonio
770 3727 910 3780 Plutarcho
925 3727 1012 3779 Cassio
1030 3726 1116 3779 Dione
1129 3728 1207 3797 scrip·

91 3823 190 3876 toribus
206 3823 391 3891 imperatorum
410 3823 509 3876 Galbae
528 3831 555 3875 et
572 3823 690 3876 Othonis.
710 3824 779 3877 Dies.
799 3824 922 3877 Berolini.
944 3823 1019 3878 1857.

128 3919 157 3988 2)
174 3921 211 3972 Η.
230 3921 335 3972 Pnrun.
354 3920 405 3972 Die
424 3920 534 3984 Quellen
552 3920 688 3972 Plutarchs
705 3920 734 3971 in
751 3921 801 3973 den
820 3920 1010 3987 Biographieen
1032 3921 1078 3974 der
1101 3922 1205 3975 Rb'mer.

97 4018 183 4069 Helle.
206 4017 281 4072 1865.

130 4115 157 4182 3)
176 4113 214 4166 Of.
234 4114 311 4166 etiam
329 4115 362 4166 R.
376 4115 488 4166 Lanos.
502 4113 544 4167 De
558 4115 648 4166 Tacito
661 4113 794 4166 Plutarchi
811 4120 922 4165 auctore.
941 4113 1010 4166 Diss.
1031 4114 1108 4166 Halia
1127 4115 1207 4167 Saxo-

95 4227 165 4263 num.
185 4210 262 4279 1880.
282 4229 339 4278 pgg.
358 4209 401 4276 29,
420 4210 462 4265 30.

1035 4295 1075 4360 1*
