<?xml version="1.0" encoding="UTF-8"?>
<!DOCTYPE html PUBLIC "-//W3C//DTD XHTML 1.0 Transitional//EN"
    "http://www.w3.org/TR/xhtml1/DTD/xhtml1-transitional.dtd">
<html xmlns="http://www.w3.org/1999/xhtml" xml:lang="en" lang="en">
 <head>
  <title>
</title>
<meta http-equiv="Content-Type" content="text/html;charset=utf-8" />
  <meta name='ocr-system' content='tesseract 3.04.00' />
  <meta name='ocr-capabilities' content='ocr_page ocr_carea ocr_par ocr_line ocrx_word'/>
</head>
<body>
  <div class='ocr_page' id='page_1' title='image "./studiainplutarc00almagoog_0036.png"; bbox 0 0 3038 5190; ppageno 0'>
   <div class='ocr_carea' id='block_1_1' title="bbox 624 533 664 597">
    <p class='ocr_par' dir='ltr' id='par_1_1' title="bbox 624 533 664 597">
     <span class='ocr_line' id='line_1_1' title="bbox 624 533 664 597; baseline 0 0"><span class='ocrx_word' id='word_1_1' title='bbox 624 533 664 597; x_wconf 78' lang='lat'>21</span> 
     </span>
    </p>
   </div>
   <div class='ocr_carea' id='block_1_2' title="bbox 40 722 1200 3800">
    <p class='ocr_par' dir='ltr' id='par_1_2' title="bbox 78 722 1200 3110">
     <span class='ocr_line' id='line_1_2' title="bbox 87 722 1200 810; baseline 0.002 -22"><span class='ocrx_word' id='word_1_2' title='bbox 87 729 219 789; x_wconf 88' lang='lat' dir='ltr'>nostros</span> <span class='ocrx_word' id='word_1_3' title='bbox 242 728 394 789; x_wconf 75' lang='lat' dir='ltr'>auctores</span> <span class='ocrx_word' id='word_1_4' title='bbox 417 722 603 809; x_wconf 90' lang='lat' dir='ltr'>perscripta</span> <span class='ocrx_word' id='word_1_5' title='bbox 625 724 704 805; x_wconf 87' lang='lat' dir='ltr'>sint,</span> <span class='ocrx_word' id='word_1_6' title='bbox 724 744 809 810; x_wconf 91' lang='lat' dir='ltr'>opus</span> <span class='ocrx_word' id='word_1_7' title='bbox 826 744 896 788; x_wconf 88' lang='lat' dir='ltr'>esse</span> <span class='ocrx_word' id='word_1_8' title='bbox 916 723 1020 810; x_wconf 92' lang='lat' dir='ltr'>(quod</span> <span class='ocrx_word' id='word_1_9' title='bbox 1042 724 1112 789; x_wconf 87' lang='lat' dir='ltr'>fere</span> <span class='ocrx_word' id='word_1_10' title='bbox 1129 746 1200 790; x_wconf 92' lang='lat' dir='ltr'>om·</span> 
     </span>
     <span class='ocr_line' id='line_1_3' title="bbox 86 836 1198 927; baseline 0.002 -23"><span class='ocrx_word' id='word_1_11' title='bbox 86 859 157 920; x_wconf 91' lang='lat' dir='ltr'>nes,</span> <span class='ocrx_word' id='word_1_12' title='bbox 180 837 240 924; x_wconf 88' lang='lat' dir='ltr'>qui</span> <span class='ocrx_word' id='word_1_13' title='bbox 264 838 387 904; x_wconf 93' lang='lat' dir='ltr'>horum</span> <span class='ocrx_word' id='word_1_14' title='bbox 418 836 585 903; x_wconf 91' lang='lat' dir='ltr'>librorum</span> <span class='ocrx_word' id='word_1_15' title='bbox 607 839 719 903; x_wconf 86' lang='lat' dir='ltr'>fontes</span> <span class='ocrx_word' id='word_1_16' title='bbox 739 837 1031 924; x_wconf 74' lang='lat' dir='ltr'>investigaverint,</span> <span class='ocrx_word' id='word_1_17' title='bbox 1052 845 1198 927; x_wconf 90' lang='lat' dir='ltr'>praeter-</span> 
     </span>
     <span class='ocr_line' id='line_1_4' title="bbox 86 952 1198 1040; baseline 0.002 -20"><span class='ocrx_word' id='word_1_18' title='bbox 86 953 254 1040; x_wconf 83' lang='lat' dir='ltr'>miserint)</span> <span class='ocrx_word' id='word_1_19' title='bbox 271 953 375 1040; x_wconf 90' lang='lat' dir='ltr'>idque</span> <span class='ocrx_word' id='word_1_20' title='bbox 394 952 592 1039; x_wconf 86' lang='lat' dir='ltr'>praesertim</span> <span class='ocrx_word' id='word_1_21' title='bbox 608 954 646 1019; x_wconf 89' lang='lat' dir='ltr'>in</span> <span class='ocrx_word' id='word_1_22' title='bbox 665 952 747 1020; x_wconf 90' lang='lat' dir='ltr'>belli</span> <span class='ocrx_word' id='word_1_23' title='bbox 763 954 959 1020; x_wconf 86' lang='lat' dir='ltr'>narratione</span> <span class='ocrx_word' id='word_1_24' title='bbox 975 955 1071 1021; x_wconf 89' lang='lat' dir='ltr'>ouius</span> <span class='ocrx_word' id='word_1_25' title='bbox 1090 956 1198 1022; x_wconf 92' lang='lat' dir='ltr'>multa</span> 
     </span>
     <span class='ocr_line' id='line_1_5' title="bbox 85 1067 1197 1161; baseline 0.003 -26"><span class='ocrx_word' id='word_1_26' title='bbox 85 1069 199 1135; x_wconf 91' lang='lat' dir='ltr'>adhuc</span> <span class='ocrx_word' id='word_1_27' title='bbox 211 1072 386 1134; x_wconf 90' lang='lat' dir='ltr'>momenta</span> <span class='ocrx_word' id='word_1_28' title='bbox 402 1067 544 1136; x_wconf 87' lang='lat' dir='ltr'>obscura</span> <span class='ocrx_word' id='word_1_29' title='bbox 560 1068 636 1134; x_wconf 91' lang='lat' dir='ltr'>sint.</span> <span class='ocrx_word' id='word_1_30' title='bbox 653 1068 763 1135; x_wconf 93' lang='lat' dir='ltr'>Multo</span> <span class='ocrx_word' id='word_1_31' title='bbox 778 1075 894 1161; x_wconf 90' lang='lat' dir='ltr'>autem</span> <span class='ocrx_word' id='word_1_32' title='bbox 909 1071 1067 1137; x_wconf 83' lang='lat' dir='ltr'>acumine</span> <span class='ocrx_word' id='word_1_33' title='bbox 1082 1093 1197 1138; x_wconf 90' lang='lat' dir='ltr'>rerum</span> 
     </span>
     <span class='ocr_line' id='line_1_6' title="bbox 85 1183 1197 1270; baseline 0.002 -19"><span class='ocrx_word' id='word_1_34' title='bbox 85 1183 205 1251; x_wconf 88' lang='lat' dir='ltr'>ordine</span> <span class='ocrx_word' id='word_1_35' title='bbox 220 1204 388 1270; x_wconf 81' lang='lat' dir='ltr'>cursuque</span> <span class='ocrx_word' id='word_1_36' title='bbox 410 1186 512 1269; x_wconf 88' lang='lat' dir='ltr'>atque</span> <span class='ocrx_word' id='word_1_37' title='bbox 536 1183 676 1266; x_wconf 88' lang='lat' dir='ltr'>ratione,</span> <span class='ocrx_word' id='word_1_38' title='bbox 701 1205 769 1270; x_wconf 88' lang='lat' dir='ltr'>qua</span> <span class='ocrx_word' id='word_1_39' title='bbox 787 1183 991 1250; x_wconf 90' lang='lat' dir='ltr'>Plutarchus</span> <span class='ocrx_word' id='word_1_40' title='bbox 1010 1191 1042 1251; x_wconf 90' lang='lat' dir='ltr'>et</span> <span class='ocrx_word' id='word_1_41' title='bbox 1061 1186 1197 1253; x_wconf 81' lang='lat' dir='ltr'>Tacitus</span> 
     </span>
     <span class='ocr_line' id='line_1_7' title="bbox 86 1298 1197 1387; baseline 0.001 -20"><span class='ocrx_word' id='word_1_42' title='bbox 86 1321 141 1367; x_wconf 87' lang='lat' dir='ltr'>eas</span> <span class='ocrx_word' id='word_1_43' title='bbox 169 1299 382 1381; x_wconf 86' lang='lat' dir='ltr'>tradiderint,</span> <span class='ocrx_word' id='word_1_44' title='bbox 407 1299 569 1386; x_wconf 87' lang='lat' dir='ltr'>expositis</span> <span class='ocrx_word' id='word_1_45' title='bbox 592 1299 618 1387; x_wconf 90' lang='lat'>1)</span> <span class='ocrx_word' id='word_1_46' title='bbox 641 1298 814 1366; x_wconf 87' lang='lat' dir='ltr'>concludit</span> <span class='ocrx_word' id='word_1_47' title='bbox 837 1299 994 1366; x_wconf 88' lang='lat' dir='ltr'>Tacitum</span> <span class='ocrx_word' id='word_1_48' title='bbox 1020 1300 1197 1368; x_wconf 88' lang='lat' dir='ltr'>Plutarchi</span> 
     </span>
     <span class='ocr_line' id='line_1_8' title="bbox 85 1413 1197 1502; baseline 0.002 -20"><span class='ocrx_word' id='word_1_49' title='bbox 85 1421 258 1482; x_wconf 88' lang='lat' dir='ltr'>auctorem</span> <span class='ocrx_word' id='word_1_50' title='bbox 280 1415 385 1501; x_wconf 87' lang='lat' dir='ltr'>fuisse</span> <span class='ocrx_word' id='word_1_51' title='bbox 402 1415 438 1502; x_wconf 78' lang='grc'>2).</span> <span class='ocrx_word' id='word_1_52' title='bbox 461 1415 492 1480; x_wconf 84' lang='lat' dir='ltr'><strong>E</strong></span> <span class='ocrx_word' id='word_1_53' title='bbox 510 1413 619 1480; x_wconf 82' lang='lat' dir='ltr'>Taciti</span> <span class='ocrx_word' id='word_1_54' title='bbox 634 1414 672 1479; x_wconf 92' lang='lat' dir='ltr'>in</span> <span class='ocrx_word' id='word_1_55' title='bbox 686 1413 862 1480; x_wconf 89' lang='lat' dir='ltr'>Plutarchi</span> <span class='ocrx_word' id='word_1_56' title='bbox 885 1435 986 1500; x_wconf 90' lang='lat' dir='ltr'>opere</span> <span class='ocrx_word' id='word_1_57' title='bbox 1010 1415 1161 1502; x_wconf 85' lang='lat' dir='ltr'>vestigiis</span> <span class='ocrx_word' id='word_1_58' title='bbox 1176 1440 1197 1484; x_wconf 94' lang='lat' dir='ltr'>a</span> 
     </span>
     <span class='ocr_line' id='line_1_9' title="bbox 84 1529 1196 1620; baseline 0.001 -22"><span class='ocrx_word' id='word_1_59' title='bbox 84 1537 199 1598; x_wconf 92' lang='lat' dir='ltr'>nostro</span> <span class='ocrx_word' id='word_1_60' title='bbox 229 1530 370 1619; x_wconf 90' lang='lat' dir='ltr'>prolatis</span> <span class='ocrx_word' id='word_1_61' title='bbox 399 1529 569 1597; x_wconf 88' lang='lat' dir='ltr'>nonnulla</span> <span class='ocrx_word' id='word_1_62' title='bbox 599 1529 806 1596; x_wconf 83' lang='lat' dir='ltr'>memorabo</span> <span class='ocrx_word' id='word_1_63' title='bbox 835 1531 873 1596; x_wconf 81' lang='grc' dir='ltr'>Τ.</span> <span class='ocrx_word' id='word_1_64' title='bbox 905 1530 951 1596; x_wconf 94' lang='grc' dir='ltr'>Η.</span> <span class='ocrx_word' id='word_1_65' title='bbox 987 1531 1032 1597; x_wconf 91' lang='grc' dir='ltr'>ΙΙ.</span> <span class='ocrx_word' id='word_1_66' title='bbox 1057 1532 1109 1598; x_wconf 84' lang='grc'>44.</span> <span class='ocrx_word' id='word_1_67' title='bbox 1142 1533 1196 1620; x_wconf 87' lang='lat' dir='ltr'>(de</span> 
     </span>
     <span class='ocr_line' id='line_1_10' title="bbox 84 1644 1195 1735; baseline 0 -21"><span class='ocrx_word' id='word_1_68' title='bbox 84 1647 189 1714; x_wconf 91' lang='lat' dir='ltr'>atroci</span> <span class='ocrx_word' id='word_1_69' title='bbox 218 1647 257 1712; x_wconf 92' lang='lat' dir='ltr'>in</span> <span class='ocrx_word' id='word_1_70' title='bbox 288 1667 404 1733; x_wconf 84' lang='lat' dir='ltr'>pugna</span> <span class='ocrx_word' id='word_1_71' title='bbox 430 1644 646 1712; x_wconf 86' lang='lat' dir='ltr'>Bedriacensi</span> <span class='ocrx_word' id='word_1_72' title='bbox 677 1645 792 1732; x_wconf 86' lang='lat' dir='ltr'>caede)</span> <span class='ocrx_word' id='word_1_73' title='bbox 834 1645 1054 1727; x_wconf 87' lang='lat' dir='ltr'>„Obstructae</span> <span class='ocrx_word' id='word_1_74' title='bbox 1085 1652 1195 1735; x_wconf 85' lang='lat' dir='ltr'>strage</span> 
     </span>
     <span class='ocr_line' id='line_1_11' title="bbox 84 1759 1193 1849; baseline -0.002 -20"><span class='ocrx_word' id='word_1_75' title='bbox 84 1783 265 1849; x_wconf 90' lang='lat' dir='ltr'>corporum</span> <span class='ocrx_word' id='word_1_76' title='bbox 286 1761 373 1842; x_wconf 86' lang='lat' dir='ltr'>viae,</span> <span class='ocrx_word' id='word_1_77' title='bbox 397 1782 464 1847; x_wconf 94' lang='lat' dir='ltr'>quo</span> <span class='ocrx_word' id='word_1_78' title='bbox 486 1759 564 1847; x_wconf 89' lang='lat' dir='ltr'>plus</span> <span class='ocrx_word' id='word_1_79' title='bbox 587 1759 699 1826; x_wconf 89' lang='lat' dir='ltr'>caedis</span> <span class='ocrx_word' id='word_1_80' title='bbox 720 1759 823 1841; x_wconf 86' lang='lat' dir='ltr'>fuit;&#39;&#39;</span> <span class='ocrx_word' id='word_1_81' title='bbox 848 1759 972 1826; x_wconf 90' lang='lat' dir='ltr'>deinde</span> <span class='ocrx_word' id='word_1_82' title='bbox 994 1765 1032 1826; x_wconf 90' lang='lat' dir='ltr'>ut</span> <span class='ocrx_word' id='word_1_83' title='bbox 1056 1783 1193 1828; x_wconf 91' lang='lat' dir='ltr'>causam</span> 
     </span>
     <span class='ocr_line' id='line_1_12' title="bbox 85 1854 1195 1965; baseline 0 -21"><span class='ocrx_word' id='word_1_84' title='bbox 85 1877 231 1964; x_wconf 83' lang='lat' dir='ltr'>explicet</span> <span class='ocrx_word' id='word_1_85' title='bbox 253 1876 511 1944; x_wconf 86' lang='lat' dir='ltr'>animadvertit:</span> <span class='ocrx_word' id='word_1_86' title='bbox 538 1896 668 1962; x_wconf 89' lang='lat' dir='ltr'>,neque</span> <span class='ocrx_word' id='word_1_87' title='bbox 691 1854 784 1942; x_wconf 91' lang='lat' dir='ltr'>enirn</span> <span class='ocrx_word' id='word_1_88' title='bbox 811 1875 969 1942; x_wconf 89' lang='lat' dir='ltr'>civilibus</span> <span class='ocrx_word' id='word_1_89' title='bbox 990 1876 1088 1943; x_wconf 92' lang='lat' dir='ltr'>bellis</span> <span class='ocrx_word' id='word_1_90' title='bbox 1104 1878 1195 1965; x_wconf 88' lang='lat' dir='ltr'>capti</span> 
     </span>
     <span class='ocr_line' id='line_1_13' title="bbox 83 1975 1195 2080; baseline -0.002 -20"><span class='ocrx_word' id='word_1_91' title='bbox 83 1994 121 2060; x_wconf 91' lang='lat' dir='ltr'>in</span> <span class='ocrx_word' id='word_1_92' title='bbox 134 1992 297 2080; x_wconf 88' lang='lat' dir='ltr'>praedam</span> <span class='ocrx_word' id='word_1_93' title='bbox 317 1992 516 2060; x_wconf 82' lang='lat' dir='ltr'>vertuntur&#39;&#39;</span> <span class='ocrx_word' id='word_1_94' title='bbox 540 1990 628 2057; x_wconf 93' lang='lat' dir='ltr'>Plut.</span> <span class='ocrx_word' id='word_1_95' title='bbox 647 1990 685 2057; x_wconf 93' lang='grc' dir='ltr'>Ο.</span> <span class='ocrx_word' id='word_1_96' title='bbox 707 1990 759 2055; x_wconf 83' lang='grc'>14.</span> <span class='ocrx_word' id='word_1_97' title='bbox 779 1995 896 2056; x_wconf 88' lang='lat' dir='ltr'>narrat</span> <span class='ocrx_word' id='word_1_98' title='bbox 919 2012 953 2056; x_wconf 92' lang='lat' dir='ltr'>se</span> <span class='ocrx_word' id='word_1_99' title='bbox 972 1993 1095 2058; x_wconf 89' lang='lat' dir='ltr'>comite</span> <span class='ocrx_word' id='word_1_100' title='bbox 1107 1975 1195 2059; x_wconf 29' lang='lat' dir='ltr'>&#39;Mes-</span> 
     </span>
     <span class='ocr_line' id='line_1_14' title="bbox 84 2102 1194 2194; baseline -0.006 -18"><span class='ocrx_word' id='word_1_101' title='bbox 84 2109 149 2176; x_wconf 90' lang='lat' dir='ltr'>trio</span> <span class='ocrx_word' id='word_1_102' title='bbox 168 2108 269 2174; x_wconf 84' lang='lat' dir='ltr'>Floro</span> <span class='ocrx_word' id='word_1_103' title='bbox 288 2128 423 2194; x_wconf 84' lang='lat' dir='ltr'>pugnae</span> <span class='ocrx_word' id='word_1_104' title='bbox 443 2106 557 2173; x_wconf 91' lang='lat' dir='ltr'>locum</span> <span class='ocrx_word' id='word_1_105' title='bbox 575 2106 703 2174; x_wconf 79' lang='lat' dir='ltr'>risisse:</span> <span class='ocrx_word' id='word_1_106' title='bbox 722 2102 910 2187; x_wconf 80' lang='grc' dir='ltr'><strong><em>(Μέστριος</em></strong></span> <span class='ocrx_word' id='word_1_107' title='bbox 933 2105 1088 2188; x_wconf 84' lang='grc' dir='ltr'><strong><em>Φλῶρος)</em></strong></span> <span class='ocrx_word' id='word_1_108' title='bbox 1104 2108 1194 2170; x_wconf 90' lang='grc' dir='ltr'><em>νεὼν</em></span> 
     </span>
     <span class='ocr_line' id='line_1_15' title="bbox 85 2218 1193 2303; baseline 0 -18"><span class='ocrx_word' id='word_1_109' title='bbox 85 2221 167 2286; x_wconf 84' lang='grc' dir='ltr'><em>ὄντα</em></span> <span class='ocrx_word' id='word_1_110' title='bbox 187 2220 329 2284; x_wconf 86' lang='grc' dir='ltr'><strong><em>παλαιὸν</em></strong></span> <span class='ocrx_word' id='word_1_111' title='bbox 355 2218 521 2301; x_wconf 77' lang='grc' dir='ltr'><strong><em>ἐπιὸελξας</em></strong></span> <span class='ocrx_word' id='word_1_112' title='bbox 549 2218 694 2301; x_wconf 77' lang='grc' dir='ltr'>διηγεῖτο</span> <span class='ocrx_word' id='word_1_113' title='bbox 717 2220 805 2300; x_wconf 83' lang='grc' dir='ltr'>μετὰ</span> <span class='ocrx_word' id='word_1_114' title='bbox 825 2222 887 2302; x_wconf 81' lang='grc' dir='ltr'>τὴν</span> <span class='ocrx_word' id='word_1_115' title='bbox 904 2221 1018 2303; x_wconf 82' lang='grc' dir='ltr'><em>μάχην</em></span> <span class='ocrx_word' id='word_1_116' title='bbox 1039 2220 1193 2285; x_wconf 69' lang='grc' dir='ltr'>ἐπελθὼν</span> 
     </span>
     <span class='ocr_line' id='line_1_16' title="bbox 83 2333 1193 2418; baseline 0 -19"><span class='ocrx_word' id='word_1_117' title='bbox 83 2335 166 2400; x_wconf 81' lang='grc' dir='ltr'><em>λὸεῑν</em></span> <span class='ocrx_word' id='word_1_118' title='bbox 195 2343 328 2417; x_wconf 83' lang='grc' dir='ltr'><em>νεκρῶν</em></span> <span class='ocrx_word' id='word_1_119' title='bbox 355 2333 470 2416; x_wconf 88' lang='grc' dir='ltr'><em>σωρὸν</em></span> <span class='ocrx_word' id='word_1_120' title='bbox 496 2333 702 2416; x_wconf 73' lang='grc' dir='ltr'><strong><em>τηλικοῦτον,</em></strong></span> <span class='ocrx_word' id='word_1_121' title='bbox 734 2335 822 2398; x_wconf 81' lang='grc' dir='ltr'>ὥστε</span> <span class='ocrx_word' id='word_1_122' title='bbox 851 2335 931 2416; x_wconf 81' lang='grc' dir='ltr'><strong><em>τοὺς</em></strong></span> <span class='ocrx_word' id='word_1_123' title='bbox 958 2334 1115 2418; x_wconf 74' lang='grc' dir='ltr'>ἐπιπολῆς</span> <span class='ocrx_word' id='word_1_124' title='bbox 1136 2337 1193 2399; x_wconf 85' lang='grc' dir='ltr'>ἅπ-</span> 
     </span>
     <span class='ocr_line' id='line_1_17' title="bbox 84 2451 1194 2539; baseline 0.003 -23"><span class='ocrx_word' id='word_1_125' title='bbox 84 2451 200 2516; x_wconf 72' lang='grc' dir='ltr'><strong><em>τεσθαι</em></strong></span> <span class='ocrx_word' id='word_1_126' title='bbox 221 2459 290 2514; x_wconf 83' lang='grc' dir='ltr'>τῶν</span> <span class='ocrx_word' id='word_1_127' title='bbox 311 2451 431 2514; x_wconf 82' lang='grc' dir='ltr'><em>ἀετῶν.</em></span> <span class='ocrx_word' id='word_1_128' title='bbox 452 2451 585 2518; x_wconf 87' lang='lat' dir='ltr'>Deinde</span> <span class='ocrx_word' id='word_1_129' title='bbox 598 2451 706 2518; x_wconf 81' lang='lat' dir='ltr'>Taciti</span> <span class='ocrx_word' id='word_1_130' title='bbox 715 2451 978 2539; x_wconf 85' lang='lat' dir='ltr'>explicationem</span> <span class='ocrx_word' id='word_1_131' title='bbox 986 2457 1100 2518; x_wconf 89' lang='lat' dir='ltr'>tantae</span> <span class='ocrx_word' id='word_1_132' title='bbox 1112 2457 1194 2519; x_wconf 88' lang='lat' dir='ltr'>stra·</span> 
     </span>
     <span class='ocr_line' id='line_1_18' title="bbox 82 2565 1191 2655; baseline -0.005 -21"><span class='ocrx_word' id='word_1_133' title='bbox 82 2569 134 2655; x_wconf 86' lang='lat' dir='ltr'>gis</span> <span class='ocrx_word' id='word_1_134' title='bbox 152 2568 326 2655; x_wconf 90' lang='lat' dir='ltr'>repudiat:</span> <span class='ocrx_word' id='word_1_135' title='bbox 350 2565 514 2650; x_wconf 78' lang='grc' dir='ltr'>Θνήσιιειν</span> <span class='ocrx_word' id='word_1_136' title='bbox 524 2565 590 2645; x_wconf 83' lang='grc' dir='ltr'>μὲν</span> <span class='ocrx_word' id='word_1_137' title='bbox 606 2565 778 2649; x_wconf 75' lang='grc' dir='ltr'>γὰρπαρὰ</span> <span class='ocrx_word' id='word_1_138' title='bbox 792 2566 872 2647; x_wconf 84' lang='grc' dir='ltr'>τούς</span> <span class='ocrx_word' id='word_1_139' title='bbox 892 2565 1074 2648; x_wconf 80' lang='grc' dir='ltr'><strong><em>ἐμφυλίους</em></strong></span> <span class='ocrx_word' id='word_1_140' title='bbox 1095 2566 1191 2630; x_wconf 86' lang='grc' dir='ltr'><strong><em>πολέ-</em></strong></span> 
     </span>
     <span class='ocr_line' id='line_1_19' title="bbox 80 2679 1191 2763; baseline -0.002 -17"><span class='ocrx_word' id='word_1_141' title='bbox 80 2702 175 2763; x_wconf 83' lang='grc' dir='ltr'><strong><em>μους,</em></strong></span> <span class='ocrx_word' id='word_1_142' title='bbox 200 2681 283 2745; x_wconf 81' lang='grc' dir='ltr'><em>ὅταν</em></span> <span class='ocrx_word' id='word_1_143' title='bbox 303 2681 408 2763; x_wconf 77' lang='grc' dir='ltr'><strong><em>τροπὴ</em></strong></span> <span class='ocrx_word' id='word_1_144' title='bbox 435 2681 584 2763; x_wconf 80' lang='grc' dir='ltr'>γένηται,</span> <span class='ocrx_word' id='word_1_145' title='bbox 610 2679 767 2761; x_wconf 83' lang='grc' dir='ltr'>πλείονος</span> <span class='ocrx_word' id='word_1_146' title='bbox 788 2680 877 2762; x_wconf 82' lang='grc' dir='ltr'><strong><em>ελιιός</em></strong></span> <span class='ocrx_word' id='word_1_147' title='bbox 897 2681 969 2744; x_wconf 82' lang='grc' dir='ltr'><strong><em>ἐστι</em></strong></span> <span class='ocrx_word' id='word_1_148' title='bbox 993 2688 1042 2761; x_wconf 80' lang='grc' dir='ltr'>τῷ</span> <span class='ocrx_word' id='word_1_149' title='bbox 1059 2680 1191 2762; x_wconf 76' lang='grc' dir='ltr'><em>μηδένα</em></span> 
     </span>
     <span class='ocr_line' id='line_1_20' title="bbox 82 2795 1192 2880; baseline -0.002 -18"><span class='ocrx_word' id='word_1_150' title='bbox 82 2799 236 2880; x_wconf 74' lang='grc' dir='ltr'><em>ζωγρεῖν,</em></span> <span class='ocrx_word' id='word_1_151' title='bbox 253 2795 399 2880; x_wconf 71' lang='grc' dir='ltr'>χρῆσθαι</span> <span class='ocrx_word' id='word_1_152' title='bbox 416 2795 485 2878; x_wconf 76' lang='grc' dir='ltr'>γὰρ</span> <span class='ocrx_word' id='word_1_153' title='bbox 513 2796 574 2858; x_wconf 83' lang='grc' dir='ltr'>οὐν</span> <span class='ocrx_word' id='word_1_154' title='bbox 602 2795 673 2859; x_wconf 81' lang='grc' dir='ltr'><strong><em>ἐστι</em></strong></span> <span class='ocrx_word' id='word_1_155' title='bbox 693 2807 763 2877; x_wconf 81' lang='grc' dir='ltr'><strong><em>τοῖς</em></strong></span> <span class='ocrx_word' id='word_1_156' title='bbox 784 2795 1024 2877; x_wconf 75' lang='grc' dir='ltr'>ἁλισκομένας,</span> <span class='ocrx_word' id='word_1_157' title='bbox 1046 2799 1066 2879; x_wconf 81' lang='grc' dir='ltr'><em>ἡ</em></span> <span class='ocrx_word' id='word_1_158' title='bbox 1088 2796 1117 2859; x_wconf 87' lang='grc' dir='ltr'>ὁ’</span> <span class='ocrx_word' id='word_1_159' title='bbox 1139 2798 1192 2861; x_wconf 86' lang='grc' dir='ltr'>ἐπὶ</span> 
     </span>
     <span class='ocr_line' id='line_1_21' title="bbox 82 2909 1190 2994; baseline 0.001 -19"><span class='ocrx_word' id='word_1_160' title='bbox 82 2921 226 2975; x_wconf 80' lang='grc' dir='ltr'><strong><em>τοσοῦτο</em></strong></span> <span class='ocrx_word' id='word_1_161' title='bbox 247 2912 372 2994; x_wconf 78' lang='grc' dir='ltr'><em>σωρεία</em></span> <span class='ocrx_word' id='word_1_162' title='bbox 385 2912 440 2974; x_wconf 75' lang='lat' dir='ltr'>ocal</span> <span class='ocrx_word' id='word_1_163' title='bbox 454 2909 664 2993; x_wconf 83' lang='grc' dir='ltr'><strong><em>συμφόρησις</em></strong></span> <span class='ocrx_word' id='word_1_164' title='bbox 678 2911 739 2974; x_wconf 83' lang='grc' dir='ltr'>οὐν</span> <span class='ocrx_word' id='word_1_165' title='bbox 753 2910 822 2994; x_wconf 79' lang='grc' dir='ltr'>ἔχει</span> <span class='ocrx_word' id='word_1_166' title='bbox 836 2912 897 2992; x_wconf 80' lang='grc' dir='ltr'>τὴν</span> <span class='ocrx_word' id='word_1_167' title='bbox 911 2912 1018 2973; x_wconf 76' lang='grc' dir='ltr'><em>αἰτίαν</em></span> <span class='ocrx_word' id='word_1_168' title='bbox 1031 2911 1190 2976; x_wconf 81' lang='grc' dir='ltr'><strong><em>εὐσυλλό-</em></strong></span> 
     </span>
     <span class='ocr_line' id='line_1_22' title="bbox 78 3041 206 3110; baseline -0.016 -19"><span class='ocrx_word' id='word_1_169' title='bbox 78 3041 206 3110; x_wconf 83' lang='grc' dir='ltr'>γισιον.</span> 
     </span>
    </p>

    <p class='ocr_par' dir='ltr' id='par_1_3' title="bbox 40 3134 1190 3800">
     <span class='ocr_line' id='line_1_23' title="bbox 125 3134 1189 3223; baseline 0 -23"><span class='ocrx_word' id='word_1_170' title='bbox 125 3135 163 3200; x_wconf 81' lang='grc' dir='ltr'>Τ.</span> <span class='ocrx_word' id='word_1_171' title='bbox 186 3134 232 3202; x_wconf 91' lang='grc' dir='ltr'>Η.</span> <span class='ocrx_word' id='word_1_172' title='bbox 257 3135 284 3201; x_wconf 90' lang='grc' dir='ltr'>Ι.</span> <span class='ocrx_word' id='word_1_173' title='bbox 309 3135 360 3203; x_wconf 87' lang='grc'>87.</span> <span class='ocrx_word' id='word_1_174' title='bbox 385 3134 464 3222; x_wconf 81' lang='lat' dir='ltr'>(tres</span> <span class='ocrx_word' id='word_1_175' title='bbox 487 3135 590 3203; x_wconf 89' lang='lat' dir='ltr'>duces</span> <span class='ocrx_word' id='word_1_176' title='bbox 613 3135 791 3223; x_wconf 88' lang='lat' dir='ltr'>memorat)</span> <span class='ocrx_word' id='word_1_177' title='bbox 820 3135 999 3217; x_wconf 88' lang='lat' dir='ltr'>„Peditum</span> <span class='ocrx_word' id='word_1_178' title='bbox 1022 3136 1189 3223; x_wconf 91' lang='lat' dir='ltr'>equitum-</span> 
     </span>
     <span class='ocr_line' id='line_1_24' title="bbox 80 3249 1190 3337; baseline 0.001 -21"><span class='ocrx_word' id='word_1_179' title='bbox 80 3271 146 3336; x_wconf 90' lang='lat' dir='ltr'>que</span> <span class='ocrx_word' id='word_1_180' title='bbox 177 3250 282 3337; x_wconf 91' lang='lat' dir='ltr'>copiis</span> <span class='ocrx_word' id='word_1_181' title='bbox 312 3250 493 3316; x_wconf 84' lang='lat' dir='ltr'>Suetonius</span> <span class='ocrx_word' id='word_1_182' title='bbox 522 3249 697 3333; x_wconf 88' lang='lat' dir='ltr'>Paulinus,</span> <span class='ocrx_word' id='word_1_183' title='bbox 728 3250 858 3317; x_wconf 92' lang='lat' dir='ltr'>Marius</span> <span class='ocrx_word' id='word_1_184' title='bbox 893 3250 1018 3333; x_wconf 83' lang='lat' dir='ltr'>Celsus,</span> <span class='ocrx_word' id='word_1_185' title='bbox 1053 3250 1190 3317; x_wconf 85' lang='lat' dir='ltr'>Annius</span> 
     </span>
     <span class='ocr_line' id='line_1_25' title="bbox 81 3365 1189 3455; baseline 0.001 -23"><span class='ocrx_word' id='word_1_186' title='bbox 81 3365 199 3432; x_wconf 86' lang='lat' dir='ltr'>Gallus</span> <span class='ocrx_word' id='word_1_187' title='bbox 222 3372 366 3433; x_wconf 89' lang='lat' dir='ltr'>rectores</span> <span class='ocrx_word' id='word_1_188' title='bbox 379 3366 571 3433; x_wconf 88' lang='lat' dir='ltr'>destinati.&#39;&#39;</span> <span class='ocrx_word' id='word_1_189' title='bbox 584 3367 629 3433; x_wconf 91' lang='grc' dir='ltr'>ΙΙ.</span> <span class='ocrx_word' id='word_1_190' title='bbox 643 3368 694 3433; x_wconf 89' lang='grc'>11.</span> <span class='ocrx_word' id='word_1_191' title='bbox 708 3366 845 3455; x_wconf 88' lang='lat' dir='ltr'>(iterum</span> <span class='ocrx_word' id='word_1_192' title='bbox 865 3366 907 3432; x_wconf 89' lang='lat' dir='ltr'>de</span> <span class='ocrx_word' id='word_1_193' title='bbox 923 3366 1067 3433; x_wconf 90' lang='lat' dir='ltr'>ducibus</span> <span class='ocrx_word' id='word_1_194' title='bbox 1078 3389 1189 3454; x_wconf 85' lang='lat' dir='ltr'>agens</span> 
     </span>
     <span class='ocr_line' id='line_1_26' title="bbox 80 3481 1188 3570; baseline 0.001 -22"><span class='ocrx_word' id='word_1_195' title='bbox 80 3481 290 3548; x_wconf 86' lang='lat' dir='ltr'>coniunctim</span> <span class='ocrx_word' id='word_1_196' title='bbox 307 3481 446 3548; x_wconf 86' lang='lat' dir='ltr'>Gallum</span> <span class='ocrx_word' id='word_1_197' title='bbox 464 3486 497 3548; x_wconf 93' lang='lat' dir='ltr'>et</span> <span class='ocrx_word' id='word_1_198' title='bbox 512 3481 723 3569; x_wconf 83' lang='lat' dir='ltr'>Spurinnam</span> <span class='ocrx_word' id='word_1_199' title='bbox 745 3481 914 3570; x_wconf 89' lang='lat' dir='ltr'>nominat)</span> <span class='ocrx_word' id='word_1_200' title='bbox 939 3482 1095 3564; x_wconf 86' lang='lat' dir='ltr'>,Annius</span> <span class='ocrx_word' id='word_1_201' title='bbox 1111 3483 1188 3549; x_wconf 84' lang='lat' dir='ltr'>Gal-</span> 
     </span>
     <span class='ocr_line' id='line_1_27' title="bbox 78 3597 1187 3685; baseline 0.001 -23"><span class='ocrx_word' id='word_1_202' title='bbox 78 3597 133 3662; x_wconf 89' lang='lat' dir='ltr'>lus</span> <span class='ocrx_word' id='word_1_203' title='bbox 166 3619 244 3663; x_wconf 91' lang='lat' dir='ltr'>cum</span> <span class='ocrx_word' id='word_1_204' title='bbox 275 3597 439 3665; x_wconf 88' lang='lat' dir='ltr'>Vestricio</span> <span class='ocrx_word' id='word_1_205' title='bbox 470 3597 643 3685; x_wconf 82' lang='lat' dir='ltr'>Spurinna</span> <span class='ocrx_word' id='word_1_206' title='bbox 675 3597 720 3663; x_wconf 88' lang='lat' dir='ltr'>ad</span> <span class='ocrx_word' id='word_1_207' title='bbox 733 3606 735 3610; x_wconf 71' lang='grc'><strong>“</strong></span> <span class='ocrx_word' id='word_1_208' title='bbox 750 3598 965 3684; x_wconf 91' lang='lat' dir='ltr'>occupandas</span> <span class='ocrx_word' id='word_1_209' title='bbox 987 3597 1072 3664; x_wconf 89' lang='lat' dir='ltr'>Padi</span> <span class='ocrx_word' id='word_1_210' title='bbox 1095 3598 1187 3685; x_wconf 90' lang='lat' dir='ltr'>ripas</span> 
     </span>
     <span class='ocr_line' id='line_1_28' title="bbox 40 3699 1187 3800; baseline 0.003 -23"><span class='ocrx_word' id='word_1_211' title='bbox 40 3699 42 3703; x_wconf 48' lang='grc'>’</span> <span class='ocrx_word' id='word_1_212' title='bbox 78 3712 314 3799; x_wconf 87' lang='lat' dir='ltr'>praemissus.&#39;’</span> <span class='ocrx_word' id='word_1_213' title='bbox 345 3712 549 3780; x_wconf 89' lang='lat' dir='ltr'>Plutarchus</span> <span class='ocrx_word' id='word_1_214' title='bbox 568 3734 638 3778; x_wconf 91' lang='lat' dir='ltr'>uno</span> <span class='ocrx_word' id='word_1_215' title='bbox 658 3717 773 3780; x_wconf 89' lang='lat' dir='ltr'>tenore</span> <span class='ocrx_word' id='word_1_216' title='bbox 802 3712 879 3778; x_wconf 93' lang='lat' dir='ltr'>illos</span> <span class='ocrx_word' id='word_1_217' title='bbox 903 3718 1062 3800; x_wconf 85' lang='lat' dir='ltr'>quattuor</span> <span class='ocrx_word' id='word_1_218' title='bbox 1085 3713 1187 3780; x_wconf 89' lang='lat' dir='ltr'>duces</span> 
     </span>
    </p>
   </div>
   <div class='ocr_carea' id='block_1_3' title="bbox 78 3917 1185 4070">
    <p class='ocr_par' dir='ltr' id='par_1_4' title="bbox 78 3917 1185 4070">
     <span class='ocr_line' id='line_1_29' title="bbox 115 3917 1185 3989; baseline 0.007 -20"><span class='ocrx_word' id='word_1_219' title='bbox 115 3919 141 3986; x_wconf 86' lang='lat'>1)</span> <span class='ocrx_word' id='word_1_220' title='bbox 159 3917 192 3969; x_wconf 91' lang='lat' dir='ltr'>In</span> <span class='ocrx_word' id='word_1_221' title='bbox 210 3917 310 3970; x_wconf 87' lang='lat' dir='ltr'>duobus</span> <span class='ocrx_word' id='word_1_222' title='bbox 327 3919 461 3987; x_wconf 86' lang='lat' dir='ltr'>capitibus.</span> <span class='ocrx_word' id='word_1_223' title='bbox 480 3937 538 3988; x_wconf 80' lang='lat' dir='ltr'>pgg.</span> <span class='ocrx_word' id='word_1_224' title='bbox 558 3920 653 3975; x_wconf 77' lang='lat'><strong>7-40.</strong></span> <span class='ocrx_word' id='word_1_225' title='bbox 672 3921 782 3974; x_wconf 83' lang='lat' dir='ltr'>Verlaui</span> <span class='ocrx_word' id='word_1_226' title='bbox 798 3920 843 3973; x_wconf 88' lang='lat' dir='ltr'>des</span> <span class='ocrx_word' id='word_1_227' title='bbox 861 3919 984 3988; x_wconf 82' lang='lat' dir='ltr'>Krieges3</span> <span class='ocrx_word' id='word_1_228' title='bbox 1003 3939 1061 3989; x_wconf 87' lang='lat' dir='ltr'>pgg.</span> <span class='ocrx_word' id='word_1_229' title='bbox 1080 3921 1185 3976; x_wconf 82' lang='lat'>40-48</span> 
     </span>
     <span class='ocr_line' id='line_1_30' title="bbox 78 4014 686 4070; baseline 0.003 -4"><span class='ocrx_word' id='word_1_230' title='bbox 78 4014 282 4068; x_wconf 80' lang='lat' dir='ltr'>Charakteristilr</span> <span class='ocrx_word' id='word_1_231' title='bbox 299 4014 427 4068; x_wconf 81' lang='lat' dir='ltr'>einzelner</span> <span class='ocrx_word' id='word_1_232' title='bbox 444 4017 686 4070; x_wconf 79' lang='lat' dir='ltr'>Persdnliohkeiten.</span> 
     </span>
    </p>
   </div>
   <div class='ocr_carea' id='block_1_4' title="bbox 77 4110 1184 4262">
    <p class='ocr_par' dir='ltr' id='par_1_5' title="bbox 77 4110 1184 4262">
     <span class='ocr_line' id='line_1_31' title="bbox 112 4110 1184 4186; baseline 0.006 -22"><span class='ocrx_word' id='word_1_233' title='bbox 112 4110 140 4180; x_wconf 86' lang='lat'>2)</span> <span class='ocrx_word' id='word_1_234' title='bbox 164 4129 223 4180; x_wconf 80' lang='lat' dir='ltr'>pgg.</span> <span class='ocrx_word' id='word_1_235' title='bbox 248 4112 353 4166; x_wconf 80' lang='lat'>48-58</span> <span class='ocrx_word' id='word_1_236' title='bbox 378 4111 465 4165; x_wconf 88' lang='lat' dir='ltr'>Ueber</span> <span class='ocrx_word' id='word_1_237' title='bbox 489 4113 534 4166; x_wconf 88' lang='lat' dir='ltr'>das</span> <span class='ocrx_word' id='word_1_238' title='bbox 560 4114 710 4168; x_wconf 78' lang='lat' dir='ltr'>Verhtltnis</span> <span class='ocrx_word' id='word_1_239' title='bbox 733 4115 779 4168; x_wconf 88' lang='lat' dir='ltr'>der</span> <span class='ocrx_word' id='word_1_240' title='bbox 808 4114 899 4168; x_wconf 87' lang='lat' dir='ltr'>beiden</span> <span class='ocrx_word' id='word_1_241' title='bbox 928 4114 1128 4186; x_wconf 84' lang='lat' dir='ltr'>Darstellungen</span> <span class='ocrx_word' id='word_1_242' title='bbox 1153 4136 1184 4171; x_wconf 88' lang='lat' dir='ltr'>zu</span> 
     </span>
     <span class='ocr_line' id='line_1_32' title="bbox 77 4207 207 4262; baseline 0.015 -2"><span class='ocrx_word' id='word_1_243' title='bbox 77 4207 207 4262; x_wconf 86' lang='lat' dir='ltr'>einander.</span> 
     </span>
    </p>
   </div>
   <div class='ocr_carea' id='block_1_5' title="bbox 0 0 1524 5190">
    <p class='ocr_par' dir='ltr' id='par_1_6' title="bbox 0 0 1524 5190">
     <span class='ocr_line' id='line_1_33' title="bbox 0 0 1524 5190; baseline 0 4"><span class='ocrx_word' id='word_1_244' title='bbox 0 0 1524 5190; x_wconf 95' lang='lat' dir='ltr'> </span> 
     </span>
    </p>
   </div>
  </div>
 </body>
</html>
