3038 5190
666 512 669 521 '
728 543 779 631 72⁴

241 734 406 802 Videmus
422 732 465 799 ab
482 734 547 799 hac
565 738 661 820 parte
680 732 900 800 Plutarchum
917 737 950 798 et
966 732 1122 798 Oassium
1147 731 1299 814 Dionem,

195 848 238 915 ab
255 849 315 915 illa
332 848 488 915 Taciturn
505 854 607 935 atque
623 847 823 914 Suetonium
840 869 1033 933 congruere,
1053 852 1202 934 excepto
1217 847 1301 934 quod

195 963 375 1045 Suetonius
398 963 437 1030 Ο.
463 966 483 1029 8
502 963 585 1030 dicit
607 963 769 1030 nuntium
789 963 831 1029 de
848 962 985 1030 Vitellio
1007 963 1218 1049 imperatore
1232 984 1304 1028 con-

194 1078 338 1145 salutato
361 1078 405 1145 ad
425 1078 599 1145 Othonem
622 1078 764 1160 venisse,
781 1079 858 1144 Tac.
876 1077 921 1143 H.
945 1077 972 1142 Ι.
992 1076 1035 1142 50
1054 1098 1137 1143 vero
1163 1076 1207 1142 ad
1231 1076 1302 1143 Gal·

194 1193 284 1275 bam,
309 1193 368 1260 sed
398 1198 474 1280 post
506 1192 634 1259 Galbae
664 1192 803 1259 caedem
835 1192 974 1258 demum
996 1191 1189 1277 vulgatum.
1214 1192 1303 1270 Quae

194 1309 271 1374 Tac.
296 1308 341 1373 H.
373 1308 399 1373 Ι.
424 1309 465 1373 13
489 1307 531 1373 de
555 1307 659 1375 Vinio
684 1307 812 1374 Othoni
839 1307 974 1377 favente
1000 1306 1115 1388 tradit,
1148 1306 1303 1374 conveni·

193 1428 257 1489 unt
279 1423 323 1489 ad
353 1444 402 1504 ea,
426 1443 513 1509 quae
543 1421 631 1488 Plut.
665 1423 704 1489 G.
738 1424 789 1488 19.
822 1443 894 1509 sqq.
926 1428 1051 1503 narrat,
1080 1421 1140 1487 sed
1165 1422 1244 1488 Tac.
1268 1444 1303 1488 ea

193 1544 268 1626 post
290 1537 452 1604 nuntium
471 1537 514 1603 de
530 1537 644 1604 Germ.
661 1536 741 1624 Sup.
766 1537 916 1603 exercitu
939 1541 1195 1603 sacramentum
1217 1558 1303 1602 rum·

193 1659 294 1741 pente
322 1653 452 1735 inserit,
483 1652 571 1719 Plut.
603 1658 680 1739 post
710 1652 838 1720 litteras
868 1652 909 1719 de
939 1653 989 1718 ira
1020 1657 1053 1718 et
1088 1652 1302 1718 contumeliis

194 1769 307 1835 Germ.
332 1767 508 1835 exercitus.
534 1768 628 1846 Quae
651 1768 879 1855 discrepantia
900 1774 1017 1835 tamen
1038 1758 1137 1833 facile
1159 1767 1303 1855 explica·

192 1890 264 1949 tur:
289 1882 327 1950 Τ.
352 1884 397 1949 Η.
422 1883 448 1950 Ι.
470 1885 511 1949 13
532 1883 748 1949 referendum
771 1888 821 1950 est
843 1883 886 1949 ad
907 1905 934 1950 o.
960 1884 1002 1948 12
1029 1881 1208 1967 „lGalbae)
1237 1882 1302 1948 iam

192 1998 327 2085 pridem
351 1998 393 2064 de
416 1997 599 2085 adoptione
622 2019 737 2064 secum
760 2003 793 2064 et
820 2020 899 2064 cum
922 1997 1088 2085 proximis
1111 1997 1302 2083 agitantis.''

192 2113 302 2200 Igitur
324 2113 402 2180 Tac.
428 2115 469 2179 13
490 2134 528 2179 ea
548 2119 674 2196 narrat,
694 2134 780 2201 quae
803 2118 879 2200 post
893 2113 982 2180 iram
996 2113 1116 2178 Germ.
1137 2113 1303 2178 exercitus

193 2228 388 2294 nuntiatam
412 2227 617 2310 acciderunt,
639 2228 697 2294 sed
720 2228 847 2295 omittit
868 2227 1031 2294 nuntium
1054 2227 1096 2294 de
1118 2227 1187 2294 hac
1211 2227 1302 2294 read

193 2341 339 2409 Galbam
363 2340 505 2408 allatum
530 2364 676 2430 eumque
707 2349 780 2408 tum
807 2343 959 2430 primum
981 2341 1172 2429 adoptandi
1196 2341 1300 2408 consi-

192 2456 278 2523 lium
297 2457 435 2543 cepisse.
456 2456 650 2524 Verisimile
674 2463 724 2524 est
746 2479 825 2524 eum
849 2458 1011 2523 nuntium
1026 2461 1106 2523 ante
1128 2457 1212 2523 Kal.
1232 2457 1301 2523 Ian.

192 2572 236 2639 ad
268 2571 415 2639 Galbam
443 2572 648 2659 pervenisse,
676 2574 728 2659 (cf.
752 2573 789 2639 P.
815 2574 854 2639 G.
880 2574 931 2638 21.
955 2569 1053 2635 “Odor
1074 2571 1226 2652 ἀκούσας
1247 2577 1303 2633 τοῦ

197 2685 328 2751 Οὐινιόυ
339 2726 373 2734 -
385 2684 569 2766 ὑπερέθετο
583 2687 644 2768 τὴν
658 2684 816 2750 διάθεσιν.
832 2685 1022 2767 Ἀποὸείξας
1031 2684 1168 2748 ὁάὑτὸν
1178 2687 1302 2750 ὕπατον

192 2803 246 2864 καὶ
267 2801 480 2884 συνάρχοντα
500 2800 560 2863 τὸν
586 2799 716 2864 Οὐίνιον
744 2802 834 2889 (ergo
865 2808 944 2869 ante
974 2801 1053 2868 Kal.
1081 2801 1170 2889 Ian.)
1194 2798 1299 2863 ἐπίδο-

191 2913 252 2996 ξος
272 2912 314 2996 ἦν
335 2915 432 2997 ἔτους
453 2916 542 2998 ἄρχῃ
563 2915 623 2979 τὸν
644 2914 803 2998 ὁιάόοχον
824 2915 1090 2998 ἀναγορεύσειν),
1114 2937 1221 3003 quare
1244 2917 1303 2982 Ta·

193 3031 278 3097 citus
294 3030 384 3097 hanc
406 3053 489 3114 rem,
512 3038 551 3099 ut
575 3033 669 3120 operi
694 3054 753 3098 suo
777 3033 928 3100 alienam
952 3034 1046 3119 (nam
1070 3032 1149 3099 Kal.
1175 3033 1250 3100 Ian.
1274 3032 1303 3099 ei

192 3146 331 3212 initium
358 3147 460 3234 sunt),
489 3146 623 3213 silentio
654 3148 788 3234 premit.
821 3147 867 3214 At
898 3171 1032 3215 summa
1056 3147 1302 3234 discrepantiae

193 3261 229 3325 iu
250 3281 288 3326 co
311 3264 474 3342 versatur,
495 3261 586 3348 quod
604 3261 808 3328 Plutarchus
827 3267 860 3328 et
879 3262 968 3329 Cass.
986 3263 1051 3328 Dio
1067 3266 1213 3328 narrant
1228 3261 1304 3328 Gal-

194 3374 274 3442 bam
291 3374 449 3441 Pisonem
469 3375 647 3464 adoptasse
665 3383 742 3465 post
758 3378 919 3444 nuntium
940 3377 981 3444 de
998 3377 1137 3446 Vitellio
1159 3377 1304 3464 impera·

194 3498 265 3558 tore
285 3488 504 3574 consalutat0,
524 3514 603 3558 oum
620 3494 756 3560 Tacitus
773 3500 806 3560 et
824 3494 1004 3560 Suetonius
1024 3494 1061 3559 id
1083 3494 1215 3560 factum
1230 3498 1304 3580 post

195 3613 378 3694 ruptumu
409 3606 522 3674 Germ.
553 3607 633 3696 Sup.
664 3608 855 3695 legionibus
878 3615 1128 3676 sacramentum
1158 3614 1301 3696 ponunt.

194 3722 316 3789 Nostra
339 3721 478 3809 quidam
498 3723 658 3809 opinione
677 3723 878 3791 Plutarchus
901 3725 938 3790 in
957 3725 1073 3792 haere
1092 3725 1220 3792 erravit
1239 3730 1269 3790 st
1292 3762 1303 3772 ·

195 3836 251 3904 dio
275 3836 426 3906 divorsas
448 3859 500 3903 res
523 3838 567 3905 od
592 3839 811 3907 Germanicos
835 3842 1001 3907 exercitus
1026 3839 1238 3927 pertinentes
1267 3841 1302 3906 in

195 3952 296 4021 unius
319 3953 523 4021 narrationis
545 3959 699 4023 tenorem
722 3957 962 4043 coniungendi.
979 3957 1005 4045 1)
1029 3958 1104 4036 Quo
1127 3956 1214 4024 vitio
1236 3977 1304 4022 sae-

194 4067 271 4156 pius
293 4089 410 4136 vorum
433 4089 546 4136 rorum
566 4069 733 4138 rationem
748 4071 909 4154 turbavit
926 4073 966 4139 cf.
986 4073 1026 4138 G.
1051 4073 1093 4138 23
1113 4071 1156 4137 de
1170 4071 1304 4138 Pisonis

232 4210 257 4280 1)
276 4210 364 4263 Huius
381 4210 459 4263 studii
477 4211 595 4279 exempla
612 4211 728 4266 invenias
746 4212 778 4265 G.
799 4213 911 4280 19-21,
930 4214 974 4267 ubi
992 4213 1132 4281 coniungit,
1150 4231 1220 4282 quae
1242 4215 1303 4268 Tac.
