3030 5190
731 514 773 578 38

195 713 246 767 τὸν
267 713 320 767 οὐκ
340 714 443 782 ἄχαριν
465 709 534 765 otte
547 711 657 782 ἐπαχθῆ
674 721 732 780 ταις
772 704 924 782 provincia
938 707 1052 783 primus
1067 708 1208 784 inpartes
1217 714 1299 770 trans·

195 819 340 888 ὑπγαιόαις,
363 815 451 887 εἰὸὠς
473 827 566 888 φυγῆς
583 817 733 888 ὑποαόρισ-
773 812 907 890 gessua’'

196 943 239 993 μα
260 925 308 978 καὶ
330 924 543 994 παρακάλυμμα
569 924 621 993 τὴν
643 924 735 995 ἀρχὴν

195 1031 273 1098 αὐτῷ
291 1027 460 1099 δεδομένην.
489 1030 681 1099 Ἀποστᾰντος
700 1026 734 1083 δὲ

194 1135 294 1207 roma
311 1142 429 1206 πρῶτος
446 1135 533 1204 αὐτὸς
550 1135 734 1206 προσεχώρη-

196 1254 230 1297 σε
244 1249 303 1295 τῶν
316 1241 476 1313 ἡγεμόνων.

239 1385 391 1451 Profecto
419 1383 528 1449 multo
557 1382 693 1449 uberior
720 1383 895 1450 Plutarchi
923 1383 1074 1451 narratio
1101 1391 1153 1452 est
1180 1387 1224 1474 1);
1252 1389 1302 1454 sed

195 1521 331 1566 summa
353 1499 524 1586 congruit:
548 1498 680 1565 litterae
697 1499 740 1565 de
757 1499 914 1566 seditioso
933 1499 1139 1566 Germanico
1159 1503 1303 1569 exercitu

195 1615 339 1697 adlatae,
363 1613 491 1694 Galbae
515 1614 695 1680 consilium
711 1613 908 1701 adoptandi,
925 1612 1116 1701 petulantia
1139 1615 1303 1705 luxusque

196 1729 352 1812 Othonia,
375 1730 552 1816 Poppaeae
574 1750 653 1795 cum
676 1729 810 1794 Nerone
829 1734 863 1795 et
879 1728 1015 1795 Othone
1038 1731 1251 1798 consuetudo
1272 1733 1303 1820 2),

197 1846 288 1913 Otho
308 1845 417 1932 specie
433 1844 611 1930 legationis
633 1843 671 1908 in
691 1843 905 1910 Lusitaniam
928 1843 1103 1931 sepositus,
1124 1847 1259 1933 primus
1272 1847 1304 1912 in

198 1960 327 2028 Galbae
350 1966 462 2047 partes
484 1965 721 2044 transgressus.

240 2077 336 2141 Haec
359 2075 475 2140 omnia
505 2072 708 2139 Plutarchus
738 2073 794 2141 vel
813 2073 933 2140 orandi
956 2093 1016 2138 suo
1039 2094 1165 2160 genere
1188 2075 1244 2143 vel
1266 2076 1305 2141 f-

197 2190 306 2273 bellis,
333 2211 418 2276 quas
441 2189 606 2255 memoria
635 2187 783 2271 tenebat,
814 2188 1048 2276 amplificavit.
1079 2188 1239 2279 Alteram
1269 2190 1305 2256 de

198 2307 357 2393 Poppaea
378 2305 550 2371 Neronem
582 2303 794 2392 excludente,
826 2324 930 2390 quam
961 2309 1075 2370 noster
1102 2304 1246 2390 praebet
1266 2306 1307 2371 f-

200 2419 336 2502 bellam,
357 2421 460 2487 etiam
484 2420 664 2486 Suetonius
687 2418 725 2485 O.
750 2421 770 2485 3
791 2419 905 2502 tradit,
925 2420 983 2506 qui
1002 2419 1131 2486 maiore
1154 2419 1308 2507 probabi·

197 2535 292 2601 litate
316 2536 399 2602 dicit
422 2558 492 2601 non
509 2537 715 2622 Poppaeam,
739 2533 798 2600 sed
821 2533 994 2600 Othonem
1010 2535 1184 2601 Neronem
1200 2536 1309 2602 exclu-

199 2651 289 2717 sisse.
314 2651 427 2738 Atque
446 2651 503 2717 hic
520 2672 612 2716 error
631 2651 734 2717 etiam
750 2648 873 2737 probat
891 2649 1113 2716 Plutarchum
1134 2671 1174 2717 ea
1193 2650 1238 2717 de
1254 2672 1309 2717 suo

199 2765 379 2832 addidisse.
404 2765 512 2831 Nemo
540 2765 633 2831 enim
653 2763 791 2851 negabit
806 2764 1029 2831 Plutarchum
1048 2765 1085 2829 in
1104 2786 1167 2831 sua
1188 2767 1311 2854 scripta

201 2881 309 2947 multa
332 2903 349 2947 e
372 2881 538 2947 memoria
560 2880 750 2961 inseruisse,
775 2880 866 2967 quod
891 2879 988 2966 copia
1012 2901 1174 2947 versuum
1197 2880 1312 2949 lauda·

199 3003 322 3078 torum,
356 2994 562 3078 fabularum,
597 2995 766 3061 dictorum
797 2994 1072 3062 memorabilium
1107 2995 1270 3068 declarat.

237 3218 262 3284 1)
282 3216 337 3267 Nec
355 3214 537 3266 obliviscamur
556 3214 675 3265 Tacitum
693 3213 735 3265 hic
753 3212 785 3265 de
803 3213 879 3265 rebus
899 3221 958 3266 ante
977 3232 1074 3268 annum
1089 3215 1123 3269 69
1136 3217 1216 3283 gestis
1231 3235 1312 3286 agere,

200 3312 268 3365 unde
287 3313 341 3364 eius
360 3311 473 3363 narratio
491 3311 589 3378 aliquid
607 3311 734 3363 astrictior
751 3310 792 3362 sit.

237 3409 264 3477 2)
282 3410 375 3463 Procul
394 3408 472 3460 dubio
491 3409 645 3462 Plutarchus
663 3409 690 3460 in
709 3408 821 3460 Neronis
839 3409 893 3460 vita
909 3408 962 3460 iam
980 3409 1114 3461 historiam
1133 3411 1274 3479 Poppaeae
1290 3424 1315 3465 et

201 3506 312 3559 Othonis
329 3512 490 3557 tractaverat.
511 3504 563 3556 Cur
577 3512 662 3557 autern
677 3521 729 3556 non
743 3505 819 3556 adicit
837 3505 974 3557 formulam
993 3514 1022 3559 ut
1040 3505 1128 3573 ὥσπερ
1146 3507 1256 3575 εἴρηται,
1279 3515 1314 3561 at·

200 3621 251 3672 que
268 3602 371 3654 brevius
385 3619 440 3654 rem
458 3601 537 3653 tradit
554 3602 622 3669 quod
640 3601 667 3652 in
686 3601 851 3653 memorando
865 3601 1024 3669 Nymphidio
1038 3602 1135 3655 Sabino
1148 3603 1181 3657 G.
1197 3603 1222 3656 2.
1237 3605 1315 3658 facit?

200 3699 285 3752 Taciti
304 3716 382 3750 manu
400 3697 505 3750 ductum
524 3698 582 3750 eum
601 3699 649 3750 hoc
667 3699 783 3751 omisisse
801 3699 921 3766 suspicor.

238 3797 375 3848 Praeterea
394 3795 550 3846 monendum
568 3803 607 3847 est
624 3794 656 3847 de
675 3795 763 3848 eadem
782 3813 810 3848 re
827 3797 903 3864 longe
921 3796 998 3848 aliam
1017 3797 1203 3873 rectioremque
1226 3817 1315 3852 narra-

201 3894 296 3946 tionem
315 3900 415 3946 exstare
433 3893 494 3944 Tac.
514 3894 583 3945 Ann.
598 3893 677 3944 XIII.
693 3893 735 3958 45,
749 3893 792 3946 46.
806 3894 837 3945 cf.
851 3895 882 3945 A.
899 3893 1005 3945 Srsrrn.
1020 3894 1173 3962 Agrippina,
1188 3895 1230 3948 die
1245 3897 1316 3950 Mut-

126 3967 140 3993 x
202 3999 240 4043 ter
258 3991 349 4042 Neres.
369 3990 466 4043 Berlin.
488 3989 563 4044 1867.
583 4008 640 4057 pgg.
666 3989 812 4044 193-208.
837 3991 872 4042 Η.
897 3990 1049 4044 Somnium
1074 3991 1168 4044 Gesch.
1193 3992 1217 4044 d.
1238 3994 1315 4046 Ram.

200 4086 376 4139 Kaiserreichs
395 4104 419 4138 u.
438 4086 463 4138 d.
483 4086 583 4153 Regicr.
603 4086 627 4138 d.
648 4087 725 4138 Nero.
743 4087 832 4138 Berlin
848 4087 922 4141 1872.
941 4105 983 4154 pg.
1004 4088 1062 4142 119.
1082 4089 1239 4142 Plutarchus
1253 4108 1315 4144 vero

199 4183 352 4239 deteriorem
371 4183 545 4239 Historiarum
565 4183 736 4237 narrationem
755 4183 857 4255 recepit.
