3038 5190
729 503 771 569 14

193 695 380 760 meratione
403 694 599 781 praemissa,
624 693 800 759 constituit
822 693 843 759 l.
868 691 889 759 1.
909 715 965 780 pg.
989 695 1026 758 9:
1053 693 1124 774 ,La
1150 694 1320 780 question

194 809 236 875 de
258 809 397 896 priorite
428 814 514 879 reste
544 806 721 874 insoluble.
749 809 840 874 Pour
870 807 1075 873 determiner
1105 808 1142 875 la
1165 812 1319 895 parente

193 924 252 989 des
279 924 369 990 deux
392 944 555 1010 ouvrages
581 923 644 1010 (soz
669 923 826 991 Vitarum
850 927 883 988 et
905 922 1160 1004 Historiarum),
1184 923 1214 988 il
1241 926 1317 990 faut

193 1040 289 1107 avoir
311 1061 445 1106 recours
462 1040 572 1107 aune
595 1038 733 1124 analyse
752 1037 982 1124 comparative
999 1037 1189 1105 detaillee.''
1208 1039 1317 1118 Quod

193 1159 232 1220 ut
258 1159 476 1241 perpetraret,
508 1154 544 1219 in
575 1152 805 1219 minutissima
828 1154 925 1239 quasi
948 1152 1104 1220 membra
1126 1153 1316 1221 Plutarchi

194 1289 279 1355 opus
303 1267 489 1355 discerpsit,
508 1267 590 1334 locis
613 1267 854 1354 comparativis
872 1288 890 1332 e
910 1268 1026 1334 Tacito
1046 1267 1211 1355 deinceps
1236 1291 1317 1356 pro-

192 1382 279 1448 latis.
303 1383 345 1447 In
372 1382 609 1468 componenda
631 1386 746 1448 autem
775 1380 841 1446 hac
863 1381 1042 1447 collatione
1065 1383 1091 1469 1)
1112 1381 1315 1449 identidem

194 1518 228 1562 se
251 1518 377 1577 causas,
409 1517 496 1583 quae
518 1495 622 1561 fontis
653 1496 934 1562 communitatem
963 1495 1053 1561 inter
1078 1495 1315 1563 Plutarchum

193 1617 226 1677 et
248 1611 405 1677 Tacitum
437 1609 669 1696 comprobent,
701 1609 826 1677 habere
856 1617 1034 1678 asseverat.
1065 1611 1228 1696 Longum
1262 1619 1315 1679 est

192 1727 230 1792 in
246 1725 389 1811 singula,
407 1746 494 1812 quae
513 1724 620 1792 Fabia
643 1724 809 1808 exhibuit,
829 1731 1031 1812 argumenta
1044 1707 1233 1812 inquirere.
1253 1729 1314 1796 Vi-

193 1841 318 1906 dentur
340 1840 452 1927 potius
473 1839 517 1906 ab
541 1861 590 1922 eo,
614 1840 705 1927 quod
737 1861 955 1906 communem
977 1841 1067 1906 inter
1090 1841 1254 1906 Tacitum
1280 1849 1314 1908 et

192 1954 414 2021 Plutarchum
444 1955 574 2020 fontem
605 1954 841 2041 praesumpsit,
871 1955 1037 2046 profecta,
1068 1976 1172 2041 quam
1203 1955 1315 2022 docu-

193 2074 319 2151 menta,
336 2091 423 2156 quae
438 2069 482 2136 ad
497 2069 601 2134 fontis
620 2069 901 2135 communitatem
921 2069 1108 2135 necessario
1122 2069 1312 2154 inducunt

192 2184 387 2269 ingeniosae
412 2183 566 2271 alioquin
597 2183 850 2270 explicationes,
874 2183 998 2271 quibus
1022 2205 1102 2251 vero
1125 2205 1145 2250 a
1168 2183 1314 2253 diversa

193 2304 288 2385 parte
311 2299 405 2364 haud
428 2299 544 2364 minus
566 2297 762 2385 probandae
786 2300 915 2386 opponi
937 2304 1089 2386 possunt.
1114 2298 1202 2365 Oum
1232 2300 1313 2367 Nis-

195 2413 288 2479 senio
315 2412 468 2479 Plinium
491 2433 711 2482 communem
740 2412 840 2478 illum
864 2413 1037 2479 auctorem
1066 2413 1168 2479 fuisse
1193 2414 1327 2481 existis

194 2534 275 2594 mat.
299 2528 325 2615 2)
356 2526 514 2593 Ceterum
544 2532 620 2613 post
651 2548 699 2609 ea,
732 2547 826 2613 quae¹
850 2526 891 2592 de
922 2526 1069 2593 Nissenii
1100 2527 1209 2593 causis
1243 2529 1314 2594 dis-

194 2643 377 2724 seruimus,
408 2641 573 2727 singulari
603 2641 705 2707 huius
740 2637 820 2707 libri
850 2641 956 2728 partis
990 2642 1202 2729 expositione
1234 2665 1313 2710 non

194 2779 279 2844 opus
302 2762 361 2823 est.

238 2871 518 2938 Dissertationem
544 2892 656 2937 meam
679 2870 749 2937 iam
776 2869 908 2936 edituro
931 2870 969 2935 in
992 2892 1115 2936 manus
1138 2870 1226 2936 mihi
1252 2895 1313 2940 ve·

195 2987 247 3051 nit
269 2986 425 3052 Gnoson
444 2984 610 3066 libellum,
630 2985 656 3072 3)
674 2983 766 3070 quod
789 2965 986 3072 nuperrime
1009 2985 1144 3071 prodiit.
1163 2986 1193 3052 E
1216 3008 1312 3053 com-

195 3101 293 3166 muni
315 3101 415 3166 fonte
431 3099 600 3166 Historias
622 3104 655 3165 et
677 3099 764 3166 vitas
791 3098 920 3165 Galbae
943 3104 975 3165 et
999 3099 1145 3166 Othonis
1167 3099 1311 3169 fluxisse

195 3217 225 3282 ei
248 3237 383 3303 quoque
406 3219 546 3296 constat,
578 3213 670 3301 quod
694 3214 802 3281 Taciti
829 3235 914 3301 opus
936 3236 957 3281 a
984 3214 1167 3281 Plutarcho
1189 3214 1227 3280 in
1251 3215 1311 3282 his

195 3331 274 3398 vitis
304 3328 557 3397 conscribendis
586 3328 782 3395 adhibitum
813 3350 884 3395 esse
914 3329 1010 3395 nullo
1040 3329 1142 3395 modo
1166 3329 1310 3398 defendi

195 3446 309 3532 possit.
331 3447 358 3534 4)
380 3446 462 3511 Post
487 3444 644 3526 Nissenii,
668 3442 803 3525 Fabiae,
827 3443 939 3510 Baieri
962 3444 1146 3511 sententias
1165 3444 1311 3513 reiectas

192 3594 393 3604 --

231 3667 257 3735 1)
275 3667 292 3718 l.
312 3667 329 3719 l.
348 3683 406 3733 pgg.
427 3665 555 3720 10-103.

230 3762 328 3830 2)1.1.
348 3780 406 3830 pgg.
427 3760 574 3816 184-209.

229 3860 256 3927 3)
275 3860 306 3911 Ε.
326 3859 438 3911 Gitone.
457 3859 512 3910 Zur
533 3857 622 3910 Kritilx
640 3875 690 3912 von
709 3857 814 3910 Tacitus
833 3858 943 3922 Quellen
960 3859 989 3910 in
1006 3859 1057 3911 den
1075 3858 1219 3910 Historien.
1233 3859 1306 3927 (Bes.

195 3955 318 4008 Abdruolx
336 3973 358 4008 a.
377 3956 401 4008 d.
421 3954 606 4023 231terSupp1.
626 3955 674 4008 Bd.
693 3954 784 4008 Jahrb.
803 3956 845 4007 fiir
859 3954 999 4007 Classische
1012 3954 1175 4022 Philologie.)
1189 3954 1306 4022 Leipzig.

196 4050 272 4105 1897.
658 4040 667 4055 '
852 4065 854 4070 ·

230 4148 257 4216 4)
276 4148 315 4200 Cf.
334 4149 352 4201 l.
370 4150 387 4200 l.
406 4167 464 4216 pgg.
484 4149 630 4203 735-737.
