3038 5190
743 558 785 624 97

248 748 345 829 Sunt,
375 748 435 835 qui
465 752 586 835 putent
617 748 673 813 his
703 746 816 815 verbis
847 769 996 814 errorem
1026 747 1146 814 inesse.
1171 746 1317 813 Solanus

202 862 294 928 coni:
311 860 480 943 πρόφασιν
496 883 558 949 pro
574 861 768 943 πρόρρησιν.
780 861 912 928 Reiske:
931 861 971 923 ἐν
991 860 1163 944 λογισμοῦ,
1177 862 1316 928 Coraes:

202 987 445 1059 χρηματισμοῦ.
461 978 550 1044 Mihi
561 978 655 1044 locus
667 998 770 1044 sanus
781 976 927 1058 videtur,
944 976 1013 1057 sed,
1027 983 1195 1063 quantum
1208 977 1319 1058 video,

202 1094 298 1160 haud
317 1099 406 1160 recte
430 1093 544 1159 adhuc
559 1093 748 1180 explicatus
771 1097 830 1158 est.
851 1091 1010 1158 Schaefer
1030 1096 1131 1178 atque
1155 1091 1318 1158 Doehner

204 1210 420 1295 coniungunt
439 1207 600 1289 λογισμοῦ
618 1214 651 1275 et
674 1207 860 1289 πρόρρησιν
868 1231 885 1299 ,χ
896 1207 1090 1292 „egregium
1105 1206 1231 1274 mentis
1247 1227 1318 1273 mo-

202 1324 317 1389 nitum
341 1323 405 1390 sibi
428 1323 619 1389 incidisse.''
643 1322 767 1407 Hardy
786 1320 904 1388 vertit:
932 1322 1006 1402 „He
1023 1343 1091 1387 was
1112 1321 1150 1386 in
1173 1322 1322 1388 wantos

204 1460 299 1505 some
321 1457 440 1505 means
455 1440 491 1505 of
510 1439 641 1525 getting
664 1437 821 1522 money.''
842 1436 1005 1503 Attamen
1028 1436 1208 1504 videamus
1232 1457 1319 1524 quae

203 1552 418 1619 antecedant.
449 1554 549 1634 Nero,
580 1551 709 1620 Galbae
740 1551 927 1617 defectione
951 1552 1119 1631 nuntiata,
1148 1551 1319 1632 ἀνέτρεψε

204 1667 268 1748 τὴν
288 1666 466 1746 τράπεζαν.
488 1667 563 1746 Quo
586 1668 676 1733 facto
698 1666 803 1752 igitur
821 1672 937 1732 actum
953 1666 995 1733 de
1014 1688 1048 1733 se
1072 1670 1143 1734 esse'
1166 1671 1317 1733 testatur.

204 1779 417 1862 Ἀνατρέπειν
431 1781 493 1862 τὴν
506 1781 675 1862 τράπεζαν
698 1781 791 1847 enim
813 1781 856 1847 de
871 1780 1104 1849 decoctoribus
1124 1787 1317 1869 usurpatur.

203 1897 309 1962 Hanc
324 1892 625 1983 comparationem,
645 1917 666 1961 a
682 1917 718 1961 re
733 1895 929 1961 nummaria
944 1897 1097 1982 petitam,
1114 1901 1229 1962 nostro
1244 1895 1317 1962 loco

202 2011 309 2077 etiam
325 2011 433 2076 inesse
456 2009 634 2075 contendo.
655 2009 773 2091 „Dixit
795 2030 866 2073 non
882 2010 981 2095 parvi
998 2011 1164 2077 momenti
1187 2010 1252 2077 sibi
1271 2032 1318 2076 se·

201 2131 306 2192 natus
317 2125 491 2191 decretum
504 2123 714 2206 (πρόρρησιν)
729 2144 808 2205 esse,
819 2123 968 2190 rationes
979 2117 1207 2212 expensorum
1219 2131 1253 2191 et
1263 2147 1316 2191 ac·

202 2245 382 2326 ceptorum
407 2239 558 2305 conferre
577 2235 754 2317 (λογισμοῦ
772 2237 968 2318 χρημάτων)
991 2237 1160 2306 debenti,’'
1181 2239 1318 2326 Optime

201 2355 261 2420 his
278 2376 311 2420 se
331 2354 533 2439 adiungunt,
550 2373 636 2439 quae
658 2357 858 2437 sequuntur:
873 2355 929 2415 ιιαλ
947 2354 988 2417 τὰ
1010 2354 1075 2433 μὲν
1103 2353 1266 2418 Γαλατῶν
1282 2392 1316 2402 -

200 2466 568 2550 λαφυραγωγήσεσθαι.
598 2467 618 2546 ἡ
650 2462 689 2528 ὁὲ
716 2463 831 2545 Γάλβα
860 2467 1019 2548 πάρεστιν
1050 2468 1146 2529 οὐσία
1172 2467 1318 2551 χρῆσθαι

202 2584 262 2646 οιαὶ
282 2580 416 2644 πωλεῖν.
435 2583 534 2650 Bona
564 2583 743 2650 Gallorum
774 2590 808 2650 et
837 2582 966 2649 Galbae
996 2583 1101 2670 igitur
1123 2583 1161 2649 in
1183 2582 1318 2649 tabulas

201 2700 337 2786 accepti
360 2699 476 2765 referri
499 2704 649 2785 possunt.

201 2874 262 2936 uui
281 2871 405 2950 τὰμὲν
426 2869 599 2946 Γαλατῶν,
621 2870 705 2934 ὅταν
725 2872 905 2952 ὑποχείριοι
923 2872 1100 2954 γένωνται,
1115 2871 1317 2954 λαφυραγω-

202 2985 375 3072 γήσεσθαι
397 2987 476 3062 [καὶ
494 2984 615 3062 λλαν].

249 3093 359 3158 Locus
382 3092 475 3159 varie
497 3096 657 3172 tentatus,
682 3092 804 3159 Procul
833 3091 937 3158 dubio
969 3093 1009 3159 G.
1037 3094 1078 3160 N.
1106 3094 1318 3160 Brennum-

200 3227 263 3274 Krs
292 3208 319 3293 1)
348 3228 465 3274 veram
495 3191 676 3273 lectionem
705 3208 852 3274 restituit
879 3229 930 3275 sc:
961 3207 1149 3284 κάλλιον,
1181 3231 1315 3276 summo

198 3325 279 3389 iure
298 3321 342 3388 ab
364 3321 497 3388 Hardio
518 3323 557 3387 in
578 3327 712 3389 textum
735 3327 915 3410 receptam.

250 3500 347 3580 cap.
371 3501 402 3569 l.
1232 3536 1235 3545 =

245 3612 346 3676 Ἀλλὰ
373 3615 428 3676 καὶ
457 3611 551 3675 ὁῦσὶν
580 3614 718 3695 ἡμέραις
752 3611 881 3694 Οὐίνιος
913 3613 1008 3695 Τίτος
1028 3613 1155 3677 πολλὰ.
1170 3661 1177 3676 .
1194 3662 1224 3678 ..
1246 3623 1315 3678 τῶν

200 3728 272 3792 ἀπὸ
293 3726 521 3810 στρατοπέδου
537 3726 614 3806 μεθ’
636 3727 765 3809 ἑτέρων
786 3729 926 3810 ἀφίκετο
947 3729 988 3791 τὰ
1009 3727 1156 3809 ὁόξαντα
1177 3738 1217 3811 τῇ
1239 3743 1314 3811 συγ-

200 3834 320 3924 νιλῆτῳ
340 3841 416 3904 καθ’
437 3842 582 3904 ἕναστον
603 3840 838 3924 ἀπαγγέλλων.

248 3951 359 4015 Locus
373 3949 442 4014 fere
459 3947 615 4013 omnium
632 3948 793 4035 opinione
813 3947 1019 4034 desperatus.
1045 3949 1149 4017 Godd.
1171 3949 1313 4017 habent:

200 4061 305 4128 Ἀλλά
325 4062 380 4123 real
401 4059 495 4122 ὁυσὶν
515 4061 653 4143 ἡμέραις
674 4061 693 4124 ὁ
717 4061 812 4142 Γλτος
832 4061 941 4124 πολλὰ
970 4069 1031 4130 etc.
1063 4063 1204 4150 Madvig
1233 4065 1315 4150 (Ad-

241 4219 267 4284 1)
286 4217 422 4283 symbolae
441 4217 551 4270 Criticae
569 4226 615 4270 etc.
634 4218 746 4286 Lipsiae.
767 4219 843 4272 1879.
862 4237 903 4286 pg.
924 4221 965 4273 36.

1162 4305 1181 4370 7
