3038 5190
790 547 833 612 42

252 748 425 818 amrpdaov·
450 744 514 800 ὁὸὲ
532 747 681 818 φοβηθείς,
696 750 739 816 ὡς
749 747 789 816 μὴ
831 744 894 800 tam
914 760 998 800 suam
1021 761 1118 818 quam
1148 742 1315 802 orbitatem
1337 764 1371 802 ra·

249 857 344 925 μόνον
360 851 408 908 διὰ
425 855 457 908 τὸ
471 864 573 925 γῆρας,
589 853 666 907 eam
680 855 727 906 καὶ
742 849 789 907 διὰ
829 851 879 907 tus
901 847 1021 921 (desinit
1041 847 1223 909 similitudo
1249 849 1323 910 inter
1346 850 1372 910 P.

252 963 305 1032 τὴν
335 957 471 1015 ἀπαιδίαν
502 962 785 1030 καταφρονούμενος,
827 958 858 1014 ct
878 954 920 1029 S.)
935 954 1072 1015 Pisonem
1099 1000 1241 1016 .....
1264 956 1371 1033 adopta·

253 1062 372 1136 (desinit
390 1061 552 1121 similitudo
566 1061 642 1120 inter
656 1060 689 1120 P.
705 1064 735 1120 et
746 1060 788 1135 S.)
829 1060 904 1121 vit.”

252 1175 425 1246 essovneero
445 1169 535 1227 παῐὸο
554 1172 660 1226 θέσθαι
680 1171 738 1226 etc.

291 1274 469 1334 Plutarchus
493 1274 605 1346 deinde,
633 1278 668 1333 ut
695 1292 785 1349 supra
868 1273 1028 1333 Suetonius
1043 1273 1153 1334 deinde
1175 1294 1204 1334 c.
1227 1275 1267 1336 1s
1287 1277 1370 1336 multe

253 1381 377 1454 ostendi,
392 1381 494 1440 eodem
509 1400 542 1440 ac
559 1380 679 1439 Tacitus
699 1379 788 1440 modo
828 1383 970 1453 monstra,
987 1379 1102 1439 exitum
1122 1379 1246 1442 Galbae
1264 1386 1371 1458 porten-

254 1487 398 1547 Othoncm
413 1487 443 1545 in
452 1487 651 1547 narrationem
665 1487 789 1546 innectit
829 1486 938 1559 dantia,
968 1491 1140 1560 enumerat;
1178 1488 1303 1548 19-20
1333 1507 1371 1548 co·

253 1598 342 1671 atque
357 1594 423 1653 inde
438 1615 455 1652 a
469 1593 564 1669 capite
582 1595 617 1652 19
631 1594 678 1654 vel
692 1593 786 1670 magis
826 1593 908 1669 piose
925 1594 1029 1653 horam
1043 1612 1224 1669 supremam
1239 1599 1370 1656 mortem·

253 1701 348 1760 adhuc
364 1721 413 1760 ac.
425 1702 463 1760 23
478 1701 510 1774 ¹),
521 1700 708 1776 conspicuam
720 1720 787 1760 cum
828 1720 885 1778 quc
908 1699 1019 1760 Galbae
1039 1705 1178 1774 enarrat3
1203 1702 1325 1762 21-23
1344 1703 1370 1761 fi·

253 1807 355 1867 Tacito
369 1807 590 1867 similitudinem
604 1827 675 1883 prae
696 1826 726 1866 se
747 1807 787 1865 le·
829 1826 896 1866 nem
910 1807 983 1866 lacit
994 1826 1047 1883 per
1061 1807 1212 1867 usitatam
1235 1811 1368 1886 corporis,

252 1933 328 1986 rene,
343 1932 436 1991 usquc
451 1913 488 1972 ad
502 1912 589 1972 finem
603 1912 681 1972 vitae
697 1911 788 1972 Otho·
830 1932 957 1986 morum,
980 1913 1085 1973 aetatis
1110 1913 1308 1990 imperatoris
1328 1915 1368 1974 de·

253 2020 297 2079 nis
319 2019 488 2079 continuam
510 2038 609 2077 rerum
638 2017 733 2078 Galba
758 2023 789 2078 et
829 2018 1028 2094 scriptionem.

253 2125 368 2185 Othone
389 2125 618 2201 imperatoribus
635 2127 787 2203 gestarum

252 2231 405 2292 historiam
427 2231 528 2290 tradit.
548 2230 569 2306 1)

204 2286 217 2453 'A
299 2344 452 2431 Apparet
474 2344 674 2410 Suetonium
694 2344 848 2430 religiose
867 2344 975 2410 vitam
999 2344 1214 2411 conscribere
1236 2367 1301 2412 nec
1323 2335 1370 2411 ul-¹

199 2456 207 2517 l
250 2467 304 2526 tra
326 2482 426 2526 suum
453 2460 665 2547 propositum
696 2460 864 2547 progredi.
895 2459 1100 2526 Plutarchus
1129 2481 1214 2528 vero
1247 2460 1363 2527 identi-

195 2554 198 2561 Ι
253 2575 332 2641 dem
355 2575 398 2640 ad
425 2596 487 2656 ree,
512 2575 626 2640 minus
649 2575 801 2660 magisve
823 2574 914 2641 vitae
938 2574 1065 2641 alienas
1089 2575 1242 2641 deflectit
1264 2575 1365 2662 (velut

200 2708 206 2771 ς·
255 2693 284 2756 5.
310 2690 352 2755 de
374 2690 519 2755 Neronis
542 2689 829 2771 consternatione;
854 2691 885 2771 8,
917 2691 950 2772 9,
975 2690 1027 2771 13,
1055 2690 1106 2754 14.
1131 2689 1174 2755 de
1198 2690 1365 2778 Nymphi-

187 2788 201 2899 ῥ’
252 2806 308 2871 dio
332 2805 474 2886 Sabin0;
500 2806 551 2871 12.
574 2804 616 2870 de
640 2805 757 2886 Vini0;
780 2805 830 2870 17.
849 2805 890 2870 de
907 2804 1087 2892 Tigellino)
1103 2790 1213 2891 eoque
1233 2828 1365 2873 accura-

251 2927 324 2987 tum
347 2942 461 2986 rerum
492 2920 536 2986 ad
567 2919 696 2986 Galbae
725 2919 833 2985 vitam
866 2919 1111 3007 pertinentium
1135 2920 1297 2987 ordinem
1319 2922 1365 2987 in-

249 3036 377 3121 fringit.
395 3036 558 3101 Attamen
575 3041 708 3121 praeter
726 3034 789 3099 hos
806 3055 967 3100 excursus
984 3034 1242 3121 quodammodo
1258 3036 1364 3104 vitam

251 3151 450 3238 composuit,
469 3150 506 3214 in
523 3149 656 3231 multia
668 3150 867 3236 praesertim
885 3150 976 3236 quod
996 3150 1172 3215 adrerum
1196 3150 1365 3233 ordinem,

252 3289 330 3333 cum
361 3264 520 3331 Suetonio
552 3270 805 3350 congruentem.
830 3264 856 3352 3)
893 3265 980 3330 Inde
1010 3287 1031 3331 a
1061 3286 1134 3351 cap.
1171 3267 1213 3331 19
1250 3272 1365 3333 autem

217 3456 219 3460 '
288 3448 313 3515 1)
333 3446 413 3513 Gapp.
435 3445 546 3511 19-23,
565 3446 597 3498 de
615 3446 709 3513 quibus
725 3455 813 3513 postea
832 3445 937 3498 uberius
960 3462 1042 3512 agam
1066 3452 1126 3496 sunt
1148 3445 1221 3497 velut
1241 3447 1379 3500 transitus

250 3544 417 3596 aPlutarcho
435 3561 590 3611 quemquam
609 3544 689 3596 alium
707 3562 737 3595 ac
756 3543 875 3596 Tacitum
895 3544 994 3596 iontem
1013 3542 1124 3595 habente
1143 3542 1170 3593 in
1192 3544 1366 3598 Plutarchum

249 3643 369 3695 Tacitum
388 3650 517 3694 auctorem
537 3642 708 3695 adhibentem.
729 3644 852 3694 Attamen
872 3642 1012 3694 maximam
1025 3649 1124 3709 partem
1137 3658 1153 3692 a
1166 3640 1261 3694 Tacito
1274 3643 1369 3696 hausta

249 3756 304 3792 esse
317 3747 431 3806 possunt.
446 3741 477 3791 cf.
492 3740 585 3792 Lenius
598 3741 614 3792 l.
629 3741 646 3792 l.
661 3758 719 3807 pgg.
736 3741 847 3793 17-37.
862 3739 927 3791 lude
944 3757 960 3790 a
977 3757 1032 3807 cap.
1047 3738 1081 3793 23
1096 3738 1175 3790 artior
1189 3739 1369 3809 continuaque

249 3836 317 3888 inter
335 3844 472 3904 utrumque
491 3837 631 3888 similitudo
649 3837 746 3903 incipit.

284 3933 312 3996 2)
331 3933 524 4000 Supervacuum
545 3942 583 3986 est
601 3935 685 3986 Taciti
708 3934 891 4002 Plutarchiquc
911 3932 1105 4000 congruentiam
1123 3932 1212 3984 tabula
1230 3949 1369 4003 compara-

249 4030 303 4082 tiva
320 4031 457 4083 illustrare.
478 4031 554 4094 Quod
570 4031 622 4083 iam
640 4032 768 4083 fecerunt:
788 4031 932 4082 Mommsen
951 4031 968 4080 l.
980 4031 997 4080 l.
1017 4048 1074 4097 pgg.
1094 4028 1369 4089 301-305.01ason.

248 4128 265 4179 l.
277 4128 293 4178 l.
309 4145 366 4194 pgg.
381 4127 494 4182 27-69.
508 4128 600 4180 Lenius
613 4129 630 4179 l.
646 4129 662 4179 l.
678 4146 734 4194 pgg.
753 4125 1019 4193 17-172.Hardy1.
1035 4127 1051 4178 l.
1066 4126 1131 4178 Intr.
1147 4143 1205 4192 pgg.
1222 4126 1341 4182 17—23.

285 4225 313 4292 3)
332 4225 424 4277 Procul
443 4225 522 4277 dubio
540 4225 708 4278 Plutarchum
727 4233 752 4277 et
771 4224 923 4277 Suetonium
942 4223 1028 4294 aliquo
1048 4222 1123 4276 modo
1136 4222 1278 4276 cohaerere
1292 4233 1372 4296 puta-
