3030 5190
638 543 679 608 75

97 750 208 819 φασιν
226 738 318 800 οῐνου
338 734 506 799 ὁιάπλεων
527 737 581 797 καὶ
601 744 731 817 τροφῆς
752 733 834 797 ὄντα
845 734 1072 818 μεσημβρινῆς
1092 736 1210 817 προελ-

95 853 176 917 θεῖν
195 854 250 914 καὶ
269 852 453 914 ὑπακοῦσαι
473 847 679 931 Γερμανικὸν
700 847 807 928 ὄνομα
827 847 981 929 θεμένων
997 850 1097 931 αὐτῷ,
1113 851 1152 915 τὸ
1166 851 1205 916 ὁὲ

98 966 279 1047 Καίσαρος
293 966 334 1029 οὐ
347 963 631 1046 προσδεξάμενον.
655 965 907 1046 Mendelssohn,
930 965 1096 1052 probante
1112 968 1210 1034 Lezio

97 1082 121 1148 l.
140 1083 163 1149 l.
181 1105 237 1170 pg.
250 1083 302 1166 36,
314 1083 491 1170 proposuit
508 1091 568 1163 τῆς
585 1080 649 1160 μὲν
670 1078 819 1160 πρόσθεν
839 1079 975 1160 ἡμέρας,
998 1081 1046 1147 ita
1064 1087 1103 1147 ut
1117 1083 1211 1170 aqui-

97 1197 191 1265 liferi
212 1198 250 1264 in
280 1204 390 1265 castra
412 1195 543 1266 Vitellii
572 1197 740 1264 adventus
767 1194 1021 1281 significaretur.
1049 1196 1210 1264 Proximo

98 1313 157 1380 die
189 1313 282 1379 enim
312 1318 389 1399 post
417 1312 588 1399 aquiliferi
618 1311 807 1378 adventum
838 1309 997 1377 Vitellius
1025 1310 1210 1401 imperator

97 1427 332 1494 consalutatus
363 1432 421 1493 est.
446 1425 608 1493 Attamen
639 1426 704 1491 hac
735 1424 928 1491 coniectura
951 1446 1021 1490 non
1044 1446 1129 1512 opus
1151 1432 1210 1510 est,

97 1565 181 1610 cum
204 1564 265 1630 per
287 1541 348 1623 τὰς
365 1541 429 1621 μὲν
455 1539 646 1622 ἔμπροσθεν
666 1540 793 1620 ἡμέρας
823 1540 895 1605 dies
917 1539 1006 1606 inter
1029 1541 1211 1609 Valentem

94 1656 279 1727 Vitellium
297 1657 518 1743 instigantem
541 1655 591 1740 (Τ.
616 1656 661 1722 Η.
686 1656 713 1722 Ι.
738 1655 804 1742 52.)
824 1660 857 1721 et
872 1654 1114 1742 imperatorem
1136 1678 1213 1743 pro·

95 1773 308 1839 clamantem
330 1772 477 1838 indicari
499 1771 638 1858 possint.

142 1887 245 1966 Quod
267 1887 312 1953 ad
334 1886 440 1955 verba
458 1886 536 1949 τότε
557 1883 597 1949 ὁέ
616 1881 1052 1966 φασιν-προσδεξάμενον
1078 1885 1209 1967 attinet,

94 2007 183 2088 puto
206 2023 285 2068 cum
307 2001 406 2068 Lezio
425 2000 447 2068 1.
467 2001 488 2068 l.
507 2024 561 2088 pg.
583 2003 635 2067 36.
653 2000 732 2067 adn.
750 2001 780 2066 2.
796 1998 1019 2065 Plutarchum
1036 2001 1211 2089 coartandi

95 2116 262 2203 cupidine
285 2138 421 2183 errasse.
453 2116 531 2183 Tac.
556 2117 600 2182 H.
626 2116 653 2182 Ι.
677 2115 808 2181 57-62
830 2119 952 2182 tractat
973 2115 1062 2181 facta
1087 2116 1169 2183 inde
1192 2139 1213 2184 a

94 2229 369 2297 consalutatione
395 2229 655 2311 Vitellii‚.velut
680 2229 792 2296 studia
815 2235 848 2296 et
870 2230 1027 2296 ardorem
1050 2230 1211 2313 militum,

93 2345 196 2413 varia
215 2346 296 2413 novi
311 2345 526 2432 imperatoris
544 2350 628 2427 acta,
647 2345 822 2431 copiarum
837 2344 1107 2427 instructionem,
1125 2367 1212 2432 quae

94 2460 218 2527 omnia
238 2461 441 2527 Plutarchus
465 2461 711 2548 praetermittit.
736 2460 895 2546 Sequitur
921 2460 1013 2547 apud
1038 2460 1211 2527 Tacitum:

97 2574 280 2662 „torpebat
300 2575 460 2644 Vitellius
482 2582 516 2642 et
531 2577 703 2642 fortunam
719 2575 932 2663 principatus
947 2574 1050 2642 inerti
1072 2575 1157 2641 luxu
1173 2597 1212 2642 ao

95 2689 254 2777 prodigis
275 2689 386 2776 epulis
408 2689 647 2778 praesumebat
670 2689 784 2757 medio
808 2689 862 2756 die
884 2689 1092 2756 temulentus
1114 2694 1147 2755 et
1162 2711 1211 2755 sa·

93 2806 181 2892 gina
199 2805 322 2891 gravis,
342 2843 386 2854 -
405 2806 545 2871 nomine
565 2805 760 2873 Germanici
776 2803 914 2872 Vitellio
939 2804 1052 2870 statim
1076 2803 1208 2870 addito:

95 2921 279 2987 Caesarem
302 2941 337 2986 se
352 2920 518 3007 appellari
539 2920 651 3011 etiam
664 2920 773 2988 victor
795 2918 1003 3006 prohibuit.’'
1026 2918 1211 2985 Infeliciter

93 3036 190 3101 hanc
212 3056 285 3100 rem
308 3034 511 3101 Plutarchus
533 3035 591 3101 hic
612 3035 764 3101 inseruit.
863 3023 869 3033 ’

141 3149 241 3230 Gap·
254 3152 314 3217 23.
327 3149 460 3216 Pisonis
482 3151 700 3239 adoptionem
724 3170 995 3216 commemorans
1018 3148 1207 3215 maximam

93 3271 234 3353 partem
249 3287 328 3331 cum
353 3267 470 3332 Tacito
490 3267 657 3348 concinit,¹
672 3271 808 3332 tantum
832 3265 923 3352 quod
939 3265 1048 3332 Taciti
1071 3264 1212 3331 narrati-

92 3401 202 3447 onem
224 3380 324 3448 valde
341 3382 514 3463 coartavit.
539 3379 720 3444 Γινώσνων
741 3378 780 3441 be
800 3387 870 3442 τῶν
891 3378 1001 3461 φίλων
1016 3380 1127 3459 ἐνίους
1144 3377 1209 3457 μὲν

91 3495 181 3576 ὑπὲρ
201 3454 447 3576 Δολμοθῖλλᾞῖ)
469 3496 548 3576 τοὺς
572 3494 611 3558 <lt
630 3493 806 3575 πλείστους
825 3494 908 3575 ὑπὲρ
929 3493 1077 3575 Ὄθωνος
1097 3495 1209 3577 ἀρχαι-

92 3610 321 3693 ρεσιάζοντας
343 3651 376 3660 -
397 3612 637 3693 μετεπέμψατο
658 3609 825 3685 Πείσωνα,
849 3612 926 3678 Tac.
944 3611 989 3677 H.
1007 3612 1033 3677 Ι.
1051 3611 1103 3677 14.
1129 3611 1210 3693 „Co-

88 3727 195 3794 mitia
212 3727 349 3813 imperii
369 3728 525 3813 transigit
548 3766 592 3775 -
614 3727 773 3793 Pisonem
796 3726 917 3792 arcessi
936 3725 1062 3793 iubet.’'

141 3841 233 3927 Apte
245 3841 368 3928 Hardy
380 3843 510 3909 confert
527 3843 684 3924 „comitia
699 3841 835 3927 imperii
851 3841 1029 3928 transigit''
1046 3847 1079 3908 et
1095 3841 1207 3923 ἀρχαι-

88 3955 326 4039 ρεσιάζοντας.
351 3957 487 4024 Omittit
509 3957 713 4025 Plutarchus
735 3957 922 4022 orationem
947 3957 1075 4024 Galbae
1105 3962 1207 4045 atque

132 4126 160 4191 1)
179 4124 329 4178 Dolabellae
347 4126 484 4178 nonnullos
506 4127 608 4191 favisse,
631 4127 691 4179 licet
713 4126 763 4178 alio
785 4125 891 4193 insuper
914 4126 1059 4179 testimonio
1079 4144 1131 4180 non
1149 4143 1208 4180 eon-

88 4222 225 4287 firmetur,
243 4222 325 4273 multa
342 4222 459 4290 probant.
477 4221 509 4276 cf.
529 4224 622 4291 Hardy
641 4242 663 4276 a.
682 4223 707 4276 h.
726 4223 743 4275 l.
