3038 5190
191 683 449 770 Nipperdeium,
463 681 669 762 Olasonium,
682 680 851 767 Langium
871 680 1011 761 extollit,
1024 680 1190 768 itemque
1207 683 1321 749 Taur-

192 817 256 863 um
275 798 311 886 1),
335 797 482 883 denique
505 797 702 863 Condamus
725 797 761 883 2).

636 1029 828 1038 ————

239 1186 450 1273 Opinionum
481 1191 664 1272 conspectu
694 1186 846 1252 confecto
877 1186 1034 1254 videmus
1068 1208 1134 1273 pro
1166 1193 1323 1277 utraque

193 1302 362 1368 sententia
390 1300 580 1367 luculenter
603 1300 791 1387 acriterque
823 1301 1034 1388 disputatum
1069 1322 1160 1383 esse,
1202 1325 1320 1391 neque

193 1422 309 1483 tamen
333 1415 528 1503 quaestione
547 1415 591 1481 ad
614 1415 719 1481 finem
738 1416 911 1505 perducta.
937 1414 1045 1481 Multa
1064 1431 1158 1484 nova
1184 1418 1320 1484 addere

194 1552 336 1618 nequeo,
359 1530 511 1596 sednon
534 1529 685 1596 alienum
707 1529 844 1598 videtur
865 1529 1037 1616 inquirere
1062 1530 1148 1617 quid
1174 1554 1224 1598 ex
1246 1555 1320 1598 om·

195 1644 297 1711 nibus
318 1644 410 1710 hisce
433 1644 635 1710 redundent.

240 1759 410 1826 Confiteor
433 1781 487 1825 me
509 1759 671 1846 primum,
694 1759 799 1826 variis
821 1758 1168 1826 commentationibus
1183 1760 1318 1847 perlec-

194 1875 239 1941 tis
265 1880 366 1961 atque
390 1874 602 1956 examinatis
619 1875 829 1940 existimasse
851 1874 947 1940 litem
971 1874 1084 1940 adhuc
1107 1874 1172 1941 sub
1194 1875 1313 1943 iudice

196 2011 266 2056 esse
304 2011 503 2076 semperque
534 2011 741 2056 mansuram.
778 1989 928 2076 Quisque
963 2011 1041 2076 ergo
1075 1990 1148 2076 ipse
1183 1991 1314 2077 eligere

196 2110 307 2192 posset
330 2125 517 2191 quamnam
533 2104 730 2191 opinionem
746 2105 1015 2192 amplecteretur,
1036 2126 1122 2191 quae
1143 2107 1315 2192 penderet

197 2242 214 2285 e
234 2222 365 2286 minore
384 2219 555 2287 maioreve
571 2220 733 2306 cuiusque
750 2220 939 2288 reverentia
963 2220 1080 2286 Taciti.
1108 2220 1200 2285 Nam
1221 2242 1313 2286 com-

196 2335 295 2401 muni
309 2335 402 2400 fonte
421 2340 545 2401 statuto
561 2335 779 2401 nullomodo
802 2335 875 2400 fieri
898 2340 1008 2422 potest
1030 2335 1115 2422 quin
1137 2335 1253 2401 Taciti
1275 2337 1310 2401 in

197 2449 375 2516 scribendo
402 2449 544 2517 virtutes
567 2450 666 2517 valde
690 2451 913 2516 detrectemus
940 2450 975 2538 3).
1000 2449 1035 2515 Si
1058 2449 1134 2536 quis
1157 2470 1312 2515 commu·

197 2586 277 2630 nem
299 2566 429 2630 iontem
458 2570 592 2646 statuat,
623 2586 758 2630 summa
781 2586 861 2631 sane
889 2564 1055 2650 sapientia
1077 2563 1121 2629 sit
1142 2563 1193 2629 nil
1219 2563 1311 2631 ultra

147 2754 149 2758 ¹
196 2679 280 2745 scire
312 2700 443 2765 cupere.
475 2678 566 2757 Quid
597 2679 690 2744 enim
723 2680 860 2766 prodest
890 2678 1077 2765 scriptores,
1109 2677 1151 2743 de
1183 2677 1311 2765 quibus

196 2795 265 2859 iere
288 2793 376 2859 nihil
407 2793 615 2876 noverimus,
653 2815 799 2880 quorum
833 2794 959 2881 scripta
989 2795 1059 2858 non
1090 2792 1134 2858 ad
1160 2797 1310 2859 aetatem

199 2913 352 2974 nostram
375 2909 602 2996 pervenerint,
633 2915 671 2975 ut
702 2931 920 2976 communem
950 2908 1051 2974 illum
1081 2909 1211 2974 iontem
1236 2910 1311 2995 qui-

199 3023 398 3109 buscunque
428 3024 637 3108 argumentis
668 3024 723 3091 vel
753 3024 865 3111 potius
896 3021 1170 3091 cavillationibus
1194 3023 1311 3091 vindi-

175 3139 298 3204 care?

238 3383 263 3449 1)
281 3381 357 3432 Rom.
383 3379 445 3432 Litt.
472 3379 564 3432 Geech.
591 3381 633 3433 5te
657 3380 728 3432 Aufl.
752 3398 793 3448 pg.
817 3379 876 3433 843.
901 3380 918 3432 4
942 3379 1006 3445 „mit
1028 3377 1112 3430 Recht
1133 3377 1248 3450 gevinnt
1271 3380 1315 3432 die

201 3479 310 3534 Ansicht
327 3479 388 3546 jetzt
414 3478 506 3530 wieder
530 3477 572 3529 die
597 3477 737 3530 Oberhand
759 3478 818 3530 dass
841 3478 882 3530 die
906 3479 1035 3545 auliillige
1054 3463 1317 3543 llbereinstimmung

200 3577 324 3630 zwisohen
342 3575 391 3628 den
410 3575 502 3628 beiden
520 3575 720 3628 Schriitstellem
737 3576 819 3629 durch
837 3576 879 3628 die
897 3577 1078 3628 unmittelbare
1096 3563 1253 3640 Beniitzung
1270 3575 1317 3627 des

202 3676 306 3727 Tacitus
324 3673 405 3726 durch
423 3673 546 3724 Plutarch
564 3674 704 3725 veranlasat
719 3674 780 3726 sei’‘.

236 3771 264 3840 2)
282 3773 313 3825 Ε.
333 3771 505 3824 CORNELIUS.
524 3770 659 3834 Quomodo
678 3771 790 3837 Tacitus,
810 3772 984 3825 Historiarum
998 3771 1114 3839 scriptor,
1132 3770 1160 3820 in
1175 3766 1316 3820 hominum

202 3870 326 3922 memoria
343 3877 460 3923 versatus
478 3869 511 3922 sit
533 3885 614 3936 usque
637 3868 669 3920 ad
691 3878 852 3922 renascentes
869 3871 956 3922 literas
974 3869 1081 3922 saeculis
1098 3867 1175 3919 XIV.
1199 3851 1223 3917 et
1247 3863 1314 3918 XV.

202 3966 338 4034 Marpurgi
357 3965 497 4018 Cattorum.
518 3964 594 4019 1888.
614 3983 671 4033 pgg.
691 3964 768 4019 2-5.

238 4063 265 4125 3)
284 4065 393 4116 Frustra
410 4064 556 4116 Mommsen
573 4063 590 4114 1.
605 4062 622 4114 l.
636 4081 694 4130 pgg.
710 4064 769 4117 315.
784 4081 839 4131 sqq,
853 4064 946 4131 Hardy
963 4065 981 4116 l.
999 4064 1016 4116 l.
1036 4064 1101 4114 Intr.
1120 4077 1178 4129 pgg.
1197 4057 1240 4111 44.
1254 4075 1314 4126 sqq.

204 4160 321 4230 speciosis
335 4160 419 4213 verbis
436 4160 463 4212 id
481 4177 575 4228 negare
592 4167 725 4212 conantur.
