<?xml version="1.0" encoding="UTF-8"?>
<!DOCTYPE html PUBLIC "-//W3C//DTD XHTML 1.0 Transitional//EN"
    "http://www.w3.org/TR/xhtml1/DTD/xhtml1-transitional.dtd">
<html xmlns="http://www.w3.org/1999/xhtml" xml:lang="en" lang="en">
 <head>
  <title>
</title>
<meta http-equiv="Content-Type" content="text/html;charset=utf-8" />
  <meta name='ocr-system' content='tesseract 3.04.00' />
  <meta name='ocr-capabilities' content='ocr_page ocr_carea ocr_par ocr_line ocrx_word'/>
</head>
<body>
  <div class='ocr_page' id='page_1' title='image "./studiainplutarc00almagoog_0127.png"; bbox 0 0 3038 5190; ppageno 0'>
   <div class='ocr_carea' id='block_1_1' title="bbox 734 531 778 593">
    <p class='ocr_par' dir='ltr' id='par_1_1' title="bbox 734 531 778 593">
     <span class='ocr_line' id='line_1_1' title="bbox 734 531 778 593; baseline 0 0"><span class='ocrx_word' id='word_1_1' title='bbox 734 531 778 593; x_wconf 65' lang='lat' dir='ltr'>‘aa</span> 
     </span>
    </p>
   </div>
   <div class='ocr_carea' id='block_1_2' title="bbox 192 720 1300 4033">
    <p class='ocr_par' dir='ltr' id='par_1_2' title="bbox 194 720 1300 1615">
     <span class='ocr_line' id='line_1_2' title="bbox 242 720 1296 815; baseline 0.004 -29"><span class='ocrx_word' id='word_1_2' title='bbox 242 720 337 799; x_wconf 82' lang='lat' dir='ltr'>Quae</span> <span class='ocrx_word' id='word_1_3' title='bbox 359 729 436 807; x_wconf 92' lang='lat' dir='ltr'>post</span> <span class='ocrx_word' id='word_1_4' title='bbox 466 721 550 786; x_wconf 86' lang='lat' dir='ltr'>haec</span> <span class='ocrx_word' id='word_1_5' title='bbox 579 721 783 788; x_wconf 82' lang='lat' dir='ltr'>Plutarchus</span> <span class='ocrx_word' id='word_1_6' title='bbox 811 721 915 815; x_wconf 85' lang='lat' dir='ltr'>hahet</span> <span class='ocrx_word' id='word_1_7' title='bbox 937 724 1033 788; x_wconf 90' lang='lat' dir='ltr'>omni</span> <span class='ocrx_word' id='word_1_8' title='bbox 1054 745 1160 789; x_wconf 89' lang='lat' dir='ltr'>sensu</span> <span class='ocrx_word' id='word_1_9' title='bbox 1183 731 1296 790; x_wconf 84' lang='lat' dir='ltr'>carent.</span> 
     </span>
     <span class='ocr_line' id='line_1_3' title="bbox 202 833 1299 920; baseline 0.003 -22"><span class='ocrx_word' id='word_1_10' title='bbox 202 833 251 898; x_wconf 84' lang='grc' dir='ltr'>Οὐ</span> <span class='ocrx_word' id='word_1_11' title='bbox 275 836 345 917; x_wconf 80' lang='grc' dir='ltr'>μὴν</span> <span class='ocrx_word' id='word_1_12' title='bbox 373 833 462 897; x_wconf 80' lang='grc' dir='ltr'><em>ἀλλὰ</em></span> <span class='ocrx_word' id='word_1_13' title='bbox 490 834 612 897; x_wconf 79' lang='grc' dir='ltr'><em>πολλοί</em></span> <span class='ocrx_word' id='word_1_14' title='bbox 633 855 678 917; x_wconf 75' lang='grc' dir='ltr'>γε</span> <span class='ocrx_word' id='word_1_15' title='bbox 706 845 777 898; x_wconf 85' lang='grc' dir='ltr'>τῶν</span> <span class='ocrx_word' id='word_1_16' title='bbox 809 835 957 916; x_wconf 75' lang='grc' dir='ltr'><em>Ὀθωνος</em></span> <span class='ocrx_word' id='word_1_17' title='bbox 985 837 1203 920; x_wconf 73' lang='grc' dir='ltr'><strong><em>νενικηκὰτες</em></strong></span> <span class='ocrx_word' id='word_1_18' title='bbox 1231 839 1299 918; x_wconf 67' lang='grc' dir='ltr'><em>τοὺς</em></span> 
     </span>
     <span class='ocr_line' id='line_1_4' title="bbox 198 934 1298 1032; baseline 0.002 -19"><span class='ocrx_word' id='word_1_19' title='bbox 198 949 273 1013; x_wconf 74' lang='grc' dir='ltr'><em>καθ’</em></span> <span class='ocrx_word' id='word_1_20' title='bbox 303 950 426 1031; x_wconf 71' lang='grc' dir='ltr'><em>αὐτούς</em></span> <span class='ocrx_word' id='word_1_21' title='bbox 453 949 634 1030; x_wconf 78' lang='grc' dir='ltr'><strong><em>ἐβιάσαντο</em></strong></span> <span class='ocrx_word' id='word_1_22' title='bbox 663 953 717 1013; x_wconf 78' lang='lat' dir='ltr'>nul</span> <span class='ocrx_word' id='word_1_23' title='bbox 746 950 942 1032; x_wconf 62' lang='grc' dir='ltr'>(διεξέπεσον</span> <span class='ocrx_word' id='word_1_24' title='bbox 967 950 1022 1014; x_wconf 73' lang='lat' dir='ltr'>aa</span> <span class='ocrx_word' id='word_1_25' title='bbox 1046 961 1119 1015; x_wconf 87' lang='grc' dir='ltr'>τῶν</span> <span class='ocrx_word' id='word_1_26' title='bbox 1138 934 1298 1032; x_wconf 62' lang='lat' dir='ltr'>soleatos</span> 
     </span>
     <span class='ocr_line' id='line_1_5' title="bbox 198 1065 1299 1156; baseline 0.006 -26"><span class='ocrx_word' id='word_1_27' title='bbox 198 1067 415 1149; x_wconf 74' lang='grc' dir='ltr'><em>κρατούντων</em></span> <span class='ocrx_word' id='word_1_28' title='bbox 434 1067 484 1146; x_wconf 75' lang='grc' dir='ltr'>εἰς</span> <span class='ocrx_word' id='word_1_29' title='bbox 503 1065 544 1128; x_wconf 85' lang='grc' dir='ltr'>τὸ</span> <span class='ocrx_word' id='word_1_30' title='bbox 563 1065 803 1146; x_wconf 71' lang='grc' dir='ltr'><strong>στρατόπεὸον.</strong></span> <span class='ocrx_word' id='word_1_31' title='bbox 822 1069 926 1134; x_wconf 84' lang='lat' dir='ltr'>Recte</span> <span class='ocrx_word' id='word_1_32' title='bbox 948 1069 1069 1155; x_wconf 80' lang='lat' dir='ltr'>Haupt</span> <span class='ocrx_word' id='word_1_33' title='bbox 1095 1070 1123 1156; x_wconf 88' lang='lat'>1)</span> <span class='ocrx_word' id='word_1_34' title='bbox 1153 1069 1299 1139; x_wconf 85' lang='lat' dir='ltr'>observa-</span> 
     </span>
     <span class='ocr_line' id='line_1_6' title="bbox 197 1181 1298 1265; baseline 0.001 -15"><span class='ocrx_word' id='word_1_35' title='bbox 197 1184 248 1251; x_wconf 83' lang='lat' dir='ltr'>vit</span> <span class='ocrx_word' id='word_1_36' title='bbox 269 1188 426 1248; x_wconf 88' lang='lat' dir='ltr'>nostrum</span> <span class='ocrx_word' id='word_1_37' title='bbox 447 1181 568 1248; x_wconf 78' lang='lat' dir='ltr'>vitiose</span> <span class='ocrx_word' id='word_1_38' title='bbox 590 1181 777 1248; x_wconf 72' lang='lat' dir='ltr'>reddidisse</span> <span class='ocrx_word' id='word_1_39' title='bbox 799 1183 877 1248; x_wconf 86' lang='lat' dir='ltr'>Tac.</span> <span class='ocrx_word' id='word_1_40' title='bbox 894 1183 940 1248; x_wconf 94' lang='lat' dir='ltr'>H.</span> <span class='ocrx_word' id='word_1_41' title='bbox 955 1182 1001 1248; x_wconf 91' lang='grc' dir='ltr'>Π.</span> <span class='ocrx_word' id='word_1_42' title='bbox 1025 1184 1078 1249; x_wconf 89' lang='grc'>44.</span> <span class='ocrx_word' id='word_1_43' title='bbox 1105 1185 1173 1265; x_wconf 86' lang='lat' dir='ltr'>,Et</span> <span class='ocrx_word' id='word_1_44' title='bbox 1194 1186 1298 1252; x_wconf 84' lang='lat' dir='ltr'>media</span> 
     </span>
     <span class='ocr_line' id='line_1_7' title="bbox 195 1297 1299 1386; baseline 0 -20"><span class='ocrx_word' id='word_1_45' title='bbox 195 1300 267 1366; x_wconf 88' lang='lat' dir='ltr'>acie</span> <span class='ocrx_word' id='word_1_46' title='bbox 289 1304 452 1386; x_wconf 86' lang='lat' dir='ltr'>perrupta</span> <span class='ocrx_word' id='word_1_47' title='bbox 472 1299 589 1384; x_wconf 78' lang='lat' dir='ltr'>fugere</span> <span class='ocrx_word' id='word_1_48' title='bbox 611 1298 738 1384; x_wconf 83' lang='lat' dir='ltr'>passim</span> <span class='ocrx_word' id='word_1_49' title='bbox 752 1297 941 1364; x_wconf 83' lang='lat' dir='ltr'>Othoniani</span> <span class='ocrx_word' id='word_1_50' title='bbox 962 1297 1171 1364; x_wconf 78' lang='lat' dir='ltr'>Bedriacum</span> <span class='ocrx_word' id='word_1_51' title='bbox 1194 1306 1299 1386; x_wconf 90' lang='lat' dir='ltr'>peten-</span> 
     </span>
     <span class='ocr_line' id='line_1_8' title="bbox 194 1413 1300 1503; baseline 0.001 -23"><span class='ocrx_word' id='word_1_52' title='bbox 194 1416 275 1481; x_wconf 90' lang='lat' dir='ltr'>tes.”</span> <span class='ocrx_word' id='word_1_53' title='bbox 298 1413 474 1480; x_wconf 84' lang='lat' dir='ltr'>Intellexit</span> <span class='ocrx_word' id='word_1_54' title='bbox 495 1414 588 1480; x_wconf 87' lang='lat' dir='ltr'>enim</span> <span class='ocrx_word' id='word_1_55' title='bbox 618 1414 769 1479; x_wconf 86' lang='lat' dir='ltr'>mediam</span> <span class='ocrx_word' id='word_1_56' title='bbox 799 1413 1063 1481; x_wconf 83' lang='lat' dir='ltr'>Vitellianomm</span> <span class='ocrx_word' id='word_1_57' title='bbox 1093 1415 1208 1481; x_wconf 87' lang='lat' dir='ltr'>aciem</span> <span class='ocrx_word' id='word_1_58' title='bbox 1236 1437 1300 1503; x_wconf 88' lang='lat' dir='ltr'>per·</span> 
     </span>
     <span class='ocr_line' id='line_1_9' title="bbox 194 1536 438 1615; baseline -0.004 -20"><span class='ocrx_word' id='word_1_59' title='bbox 194 1536 333 1615; x_wconf 87' lang='lat' dir='ltr'>ruptam</span> <span class='ocrx_word' id='word_1_60' title='bbox 356 1550 438 1595; x_wconf 88' lang='lat' dir='ltr'>esse.</span> 
     </span>
    </p>

    <p class='ocr_par' dir='ltr' id='par_1_3' title="bbox 192 1642 1300 3570">
     <span class='ocr_line' id='line_1_10' title="bbox 239 1642 1299 1725; baseline 0 -14"><span class='ocrx_word' id='word_1_61' title='bbox 239 1644 337 1725; x_wconf 79' lang='lat' dir='ltr'>Gap.</span> <span class='ocrx_word' id='word_1_62' title='bbox 357 1646 413 1712; x_wconf 88' lang='grc'>13.</span> <span class='ocrx_word' id='word_1_63' title='bbox 434 1643 545 1709; x_wconf 84' lang='lat' dir='ltr'>Multo</span> <span class='ocrx_word' id='word_1_64' title='bbox 568 1642 707 1709; x_wconf 87' lang='lat' dir='ltr'>uberius</span> <span class='ocrx_word' id='word_1_65' title='bbox 728 1644 845 1710; x_wconf 85' lang='lat' dir='ltr'>Tacito</span> <span class='ocrx_word' id='word_1_66' title='bbox 866 1643 1070 1710; x_wconf 78' lang='lat' dir='ltr'>Plutarchus</span> <span class='ocrx_word' id='word_1_67' title='bbox 1093 1644 1299 1712; x_wconf 89' lang='lat' dir='ltr'>Othoniano·</span> 
     </span>
     <span class='ocr_line' id='line_1_11' title="bbox 193 1757 1299 1845; baseline 0.002 -21"><span class='ocrx_word' id='word_1_68' title='bbox 193 1780 271 1824; x_wconf 91' lang='lat' dir='ltr'>rum</span> <span class='ocrx_word' id='word_1_69' title='bbox 290 1759 501 1825; x_wconf 88' lang='lat' dir='ltr'>deditionem</span> <span class='ocrx_word' id='word_1_70' title='bbox 524 1757 693 1824; x_wconf 87' lang='lat' dir='ltr'>describit.</span> <span class='ocrx_word' id='word_1_71' title='bbox 713 1758 930 1845; x_wconf 79' lang='lat' dir='ltr'>Quamquam</span> <span class='ocrx_word' id='word_1_72' title='bbox 946 1759 984 1824; x_wconf 92' lang='lat' dir='ltr'>in</span> <span class='ocrx_word' id='word_1_73' title='bbox 999 1765 1071 1826; x_wconf 92' lang='lat' dir='ltr'>tota</span> <span class='ocrx_word' id='word_1_74' title='bbox 1094 1760 1170 1826; x_wconf 90' lang='lat' dir='ltr'>eins</span> <span class='ocrx_word' id='word_1_75' title='bbox 1193 1782 1299 1827; x_wconf 86' lang='lat' dir='ltr'>narra·</span> 
     </span>
     <span class='ocr_line' id='line_1_12' title="bbox 193 1872 1299 1963; baseline 0.002 -24"><span class='ocrx_word' id='word_1_76' title='bbox 193 1875 285 1940; x_wconf 89' lang='lat' dir='ltr'>tione</span> <span class='ocrx_word' id='word_1_77' title='bbox 301 1873 391 1939; x_wconf 90' lang='lat' dir='ltr'>nihil</span> <span class='ocrx_word' id='word_1_78' title='bbox 407 1873 560 1955; x_wconf 88' lang='lat' dir='ltr'>offendit,</span> <span class='ocrx_word' id='word_1_79' title='bbox 576 1872 744 1939; x_wconf 88' lang='lat' dir='ltr'>nonnulla</span> <span class='ocrx_word' id='word_1_80' title='bbox 757 1880 875 1940; x_wconf 88' lang='lat' dir='ltr'>tamen</span> <span class='ocrx_word' id='word_1_81' title='bbox 887 1880 1022 1940; x_wconf 85' lang='lat' dir='ltr'>exstant</span> <span class='ocrx_word' id='word_1_82' title='bbox 1032 1874 1159 1961; x_wconf 92' lang='lat' dir='ltr'>quibus</span> <span class='ocrx_word' id='word_1_83' title='bbox 1175 1875 1299 1963; x_wconf 89' lang='lat' dir='ltr'>aliquid</span> 
     </span>
     <span class='ocr_line' id='line_1_13' title="bbox 193 1989 1299 2077; baseline 0.001 -22"><span class='ocrx_word' id='word_1_84' title='bbox 193 1990 430 2077; x_wconf 84' lang='lat' dir='ltr'>explicationis</span> <span class='ocrx_word' id='word_1_85' title='bbox 451 2011 553 2056; x_wconf 89' lang='lat' dir='ltr'>causa</span> <span class='ocrx_word' id='word_1_86' title='bbox 572 1989 771 2055; x_wconf 91' lang='lat' dir='ltr'>addendum</span> <span class='ocrx_word' id='word_1_87' title='bbox 786 1990 839 2056; x_wconf 91' lang='lat' dir='ltr'>sit.</span> <span class='ocrx_word' id='word_1_88' title='bbox 855 1991 945 2057; x_wconf 86' lang='lat' dir='ltr'>Nam</span> <span class='ocrx_word' id='word_1_89' title='bbox 967 1991 1103 2077; x_wconf 86' lang='lat' dir='ltr'>singula</span> <span class='ocrx_word' id='word_1_90' title='bbox 1117 1992 1211 2058; x_wconf 86' lang='lat' dir='ltr'>facta</span> <span class='ocrx_word' id='word_1_91' title='bbox 1227 2013 1299 2058; x_wconf 92' lang='lat' dir='ltr'>enn-</span> 
     </span>
     <span class='ocr_line' id='line_1_14' title="bbox 196 2105 1299 2188; baseline 0.003 -18"><span class='ocrx_word' id='word_1_92' title='bbox 196 2110 314 2187; x_wconf 84' lang='lat' dir='ltr'>merat,</span> <span class='ocrx_word' id='word_1_93' title='bbox 326 2105 509 2172; x_wconf 88' lang='lat' dir='ltr'>Proculum</span> <span class='ocrx_word' id='word_1_94' title='bbox 527 2111 560 2171; x_wconf 90' lang='lat' dir='ltr'>et</span> <span class='ocrx_word' id='word_1_95' title='bbox 571 2105 757 2171; x_wconf 85' lang='lat' dir='ltr'>Paulinum</span> <span class='ocrx_word' id='word_1_96' title='bbox 769 2112 879 2172; x_wconf 87' lang='lat' dir='ltr'>castra</span> <span class='ocrx_word' id='word_1_97' title='bbox 889 2107 1022 2188; x_wconf 81' lang='lat' dir='ltr'>vitasse,</span> <span class='ocrx_word' id='word_1_98' title='bbox 1036 2106 1179 2173; x_wconf 84' lang='lat' dir='ltr'>Gallum</span> <span class='ocrx_word' id='word_1_99' title='bbox 1191 2106 1299 2173; x_wconf 88' lang='lat' dir='ltr'>Bedri-</span> 
     </span>
     <span class='ocr_line' id='line_1_15' title="bbox 194 2220 1299 2308; baseline 0 -21"><span class='ocrx_word' id='word_1_100' title='bbox 194 2221 246 2287; x_wconf 87' lang='lat' dir='ltr'>aci</span> <span class='ocrx_word' id='word_1_101' title='bbox 262 2221 430 2307; x_wconf 80' lang='lat' dir='ltr'>lngientes</span> <span class='ocrx_word' id='word_1_102' title='bbox 445 2220 661 2287; x_wconf 90' lang='lat' dir='ltr'>Othonianos</span> <span class='ocrx_word' id='word_1_103' title='bbox 676 2222 713 2287; x_wconf 90' lang='lat' dir='ltr'>in</span> <span class='ocrx_word' id='word_1_104' title='bbox 730 2227 840 2288; x_wconf 88' lang='lat' dir='ltr'>castra</span> <span class='ocrx_word' id='word_1_105' title='bbox 855 2222 1037 2308; x_wconf 80' lang='lat' dir='ltr'>collegisse,</span> <span class='ocrx_word' id='word_1_106' title='bbox 1054 2228 1195 2288; x_wconf 87' lang='lat' dir='ltr'>auctore</span> <span class='ocrx_word' id='word_1_107' title='bbox 1212 2222 1299 2289; x_wconf 79' lang='lat' dir='ltr'>Celso</span> 
     </span>
     <span class='ocr_line' id='line_1_16' title="bbox 194 2335 1300 2404; baseline 0.002 -4"><span class='ocrx_word' id='word_1_108' title='bbox 194 2335 403 2402; x_wconf 87' lang='lat' dir='ltr'>deditionem</span> <span class='ocrx_word' id='word_1_109' title='bbox 426 2337 551 2402; x_wconf 85' lang='lat' dir='ltr'>factam</span> <span class='ocrx_word' id='word_1_110' title='bbox 574 2357 654 2402; x_wconf 89' lang='lat' dir='ltr'>esse.</span> <span class='ocrx_word' id='word_1_111' title='bbox 677 2337 708 2401; x_wconf 84' lang='lat' dir='ltr'>E</span> <span class='ocrx_word' id='word_1_112' title='bbox 730 2337 837 2402; x_wconf 90' lang='lat' dir='ltr'>nostri</span> <span class='ocrx_word' id='word_1_113' title='bbox 867 2337 1061 2403; x_wconf 86' lang='lat' dir='ltr'>narratione</span> <span class='ocrx_word' id='word_1_114' title='bbox 1084 2337 1300 2404; x_wconf 88' lang='lat' dir='ltr'>concluderes</span> 
     </span>
     <span class='ocr_line' id='line_1_17' title="bbox 192 2450 1299 2538; baseline 0 -22"><span class='ocrx_word' id='word_1_115' title='bbox 192 2450 410 2517; x_wconf 86' lang='lat' dir='ltr'>haecomnia</span> <span class='ocrx_word' id='word_1_116' title='bbox 433 2450 553 2517; x_wconf 90' lang='lat' dir='ltr'>eodem</span> <span class='ocrx_word' id='word_1_117' title='bbox 574 2472 641 2538; x_wconf 90' lang='lat' dir='ltr'>qno</span> <span class='ocrx_word' id='word_1_118' title='bbox 664 2457 856 2538; x_wconf 86' lang='lat' dir='ltr'>pugnatum</span> <span class='ocrx_word' id='word_1_119' title='bbox 879 2457 930 2518; x_wconf 85' lang='lat' dir='ltr'>est</span> <span class='ocrx_word' id='word_1_120' title='bbox 944 2452 999 2518; x_wconf 90' lang='lat' dir='ltr'>die</span> <span class='ocrx_word' id='word_1_121' title='bbox 1014 2452 1189 2518; x_wconf 88' lang='lat' dir='ltr'>accidisse.</span> <span class='ocrx_word' id='word_1_122' title='bbox 1207 2450 1299 2530; x_wconf 81' lang='lat' dir='ltr'>Quod</span> 
     </span>
     <span class='ocr_line' id='line_1_18' title="bbox 193 2565 1298 2660; baseline 0.001 -29"><span class='ocrx_word' id='word_1_123' title='bbox 193 2565 253 2632; x_wconf 83' lang='lat' dir='ltr'>vix</span> <span class='ocrx_word' id='word_1_124' title='bbox 265 2565 338 2631; x_wconf 89' lang='lat' dir='ltr'>fieri</span> <span class='ocrx_word' id='word_1_125' title='bbox 354 2566 503 2652; x_wconf 90' lang='lat' dir='ltr'>potuisse</span> <span class='ocrx_word' id='word_1_126' title='bbox 515 2566 658 2653; x_wconf 90' lang='lat' dir='ltr'>quisque</span> <span class='ocrx_word' id='word_1_127' title='bbox 669 2566 845 2653; x_wconf 86' lang='lat' dir='ltr'>intellegit.</span> <span class='ocrx_word' id='word_1_128' title='bbox 858 2568 936 2660; x_wconf 77' lang='lat' dir='ltr'>Tac.</span> <span class='ocrx_word' id='word_1_129' title='bbox 949 2568 995 2633; x_wconf 90' lang='lat' dir='ltr'>H.</span> <span class='ocrx_word' id='word_1_130' title='bbox 1007 2567 1053 2633; x_wconf 91' lang='lat' dir='ltr'>H.</span> <span class='ocrx_word' id='word_1_131' title='bbox 1066 2567 1122 2648; x_wconf 83' lang='lat'>44,</span> <span class='ocrx_word' id='word_1_132' title='bbox 1134 2567 1178 2632; x_wconf 83' lang='lat'>45</span> <span class='ocrx_word' id='word_1_133' title='bbox 1190 2572 1298 2634; x_wconf 89' lang='lat' dir='ltr'>antem</span> 
     </span>
     <span class='ocr_line' id='line_1_19' title="bbox 194 2680 1299 2767; baseline 0 -22"><span class='ocrx_word' id='word_1_134' title='bbox 194 2680 277 2746; x_wconf 90' lang='lat' dir='ltr'>dicit</span> <span class='ocrx_word' id='word_1_135' title='bbox 299 2685 375 2767; x_wconf 90' lang='lat' dir='ltr'>post</span> <span class='ocrx_word' id='word_1_136' title='bbox 398 2702 551 2767; x_wconf 86' lang='lat' dir='ltr'>pugnam</span> <span class='ocrx_word' id='word_1_137' title='bbox 574 2681 788 2748; x_wconf 85' lang='lat' dir='ltr'>Othonianos</span> <span class='ocrx_word' id='word_1_138' title='bbox 809 2682 1013 2748; x_wconf 88' lang='lat' dir='ltr'>Bedriacum</span> <span class='ocrx_word' id='word_1_139' title='bbox 1039 2682 1176 2767; x_wconf 84' lang='lat' dir='ltr'>fugisse,</span> <span class='ocrx_word' id='word_1_140' title='bbox 1201 2680 1299 2751; x_wconf 89' lang='lat' dir='ltr'>Vitel-</span> 
     </span>
     <span class='ocr_line' id='line_1_20' title="bbox 194 2794 1299 2882; baseline 0.001 -23"><span class='ocrx_word' id='word_1_141' title='bbox 194 2794 327 2860; x_wconf 89' lang='lat' dir='ltr'>lianum</span> <span class='ocrx_word' id='word_1_142' title='bbox 351 2796 538 2861; x_wconf 85' lang='lat' dir='ltr'>exercitum</span> <span class='ocrx_word' id='word_1_143' title='bbox 567 2795 611 2862; x_wconf 91' lang='lat' dir='ltr'>ad</span> <span class='ocrx_word' id='word_1_144' title='bbox 638 2801 798 2882; x_wconf 89' lang='lat' dir='ltr'>quartum</span> <span class='ocrx_word' id='word_1_145' title='bbox 820 2818 841 2862; x_wconf 89' lang='lat' dir='ltr'>a</span> <span class='ocrx_word' id='word_1_146' title='bbox 863 2795 1028 2862; x_wconf 89' lang='lat' dir='ltr'>Brediaco</span> <span class='ocrx_word' id='word_1_147' title='bbox 1050 2795 1207 2882; x_wconf 87' lang='lat' dir='ltr'>lapidem</span> <span class='ocrx_word' id='word_1_148' title='bbox 1229 2817 1299 2862; x_wconf 90' lang='lat' dir='ltr'>oon-</span> 
     </span>
     <span class='ocr_line' id='line_1_21' title="bbox 194 2908 1298 2992; baseline 0.002 -19"><span class='ocrx_word' id='word_1_149' title='bbox 194 2908 327 2990; x_wconf 89' lang='lat' dir='ltr'>sedisse,</span> <span class='ocrx_word' id='word_1_150' title='bbox 347 2908 473 2975; x_wconf 89' lang='lat' dir='ltr'>milites</span> <span class='ocrx_word' id='word_1_151' title='bbox 491 2910 647 2975; x_wconf 87' lang='lat' dir='ltr'>Bedriaci</span> <span class='ocrx_word' id='word_1_152' title='bbox 664 2910 799 2976; x_wconf 85' lang='lat' dir='ltr'>Titiano</span> <span class='ocrx_word' id='word_1_153' title='bbox 818 2916 851 2976; x_wconf 93' lang='lat' dir='ltr'>et</span> <span class='ocrx_word' id='word_1_154' title='bbox 871 2909 967 2976; x_wconf 79' lang='lat' dir='ltr'>Celso</span> <span class='ocrx_word' id='word_1_155' title='bbox 982 2909 1132 2975; x_wconf 88' lang='lat' dir='ltr'>minatos</span> <span class='ocrx_word' id='word_1_156' title='bbox 1147 2931 1230 2992; x_wconf 88' lang='lat' dir='ltr'>esse,</span> <span class='ocrx_word' id='word_1_157' title='bbox 1246 2909 1298 2976; x_wconf 89' lang='lat' dir='ltr'>sed</span> 
     </span>
     <span class='ocr_line' id='line_1_22' title="bbox 194 3023 1298 3112; baseline 0.001 -24"><span class='ocrx_word' id='word_1_158' title='bbox 194 3029 330 3089; x_wconf 91' lang='lat' dir='ltr'>noctem</span> <span class='ocrx_word' id='word_1_159' title='bbox 354 3045 410 3089; x_wconf 89' lang='lat' dir='ltr'>eos</span> <span class='ocrx_word' id='word_1_160' title='bbox 432 3023 557 3091; x_wconf 83' lang='lat' dir='ltr'>iuvisse</span> <span class='ocrx_word' id='word_1_161' title='bbox 581 3024 787 3112; x_wconf 87' lang='lat' dir='ltr'>Gallumque</span> <span class='ocrx_word' id='word_1_162' title='bbox 806 3024 932 3091; x_wconf 85' lang='lat' dir='ltr'>milites</span> <span class='ocrx_word' id='word_1_163' title='bbox 955 3024 1205 3110; x_wconf 88' lang='lat' dir='ltr'>compressisse,</span> <span class='ocrx_word' id='word_1_164' title='bbox 1231 3045 1298 3111; x_wconf 82' lang='lat' dir='ltr'>pos</span> 
     </span>
     <span class='ocr_line' id='line_1_23' title="bbox 194 3137 1298 3227; baseline 0 -24"><span class='ocrx_word' id='word_1_165' title='bbox 194 3143 266 3203; x_wconf 91' lang='lat' dir='ltr'>tero</span> <span class='ocrx_word' id='word_1_166' title='bbox 290 3137 345 3227; x_wconf 80' lang='lat' dir='ltr'>die</span> <span class='ocrx_word' id='word_1_167' title='bbox 367 3160 486 3225; x_wconf 87' lang='lat' dir='ltr'>pacem</span> <span class='ocrx_word' id='word_1_168' title='bbox 510 3140 635 3206; x_wconf 85' lang='lat' dir='ltr'>factam</span> <span class='ocrx_word' id='word_1_169' title='bbox 659 3161 738 3206; x_wconf 90' lang='lat' dir='ltr'>esse.</span> <span class='ocrx_word' id='word_1_170' title='bbox 764 3139 900 3206; x_wconf 90' lang='lat' dir='ltr'>Addere</span> <span class='ocrx_word' id='word_1_171' title='bbox 923 3161 1002 3226; x_wconf 86' lang='lat' dir='ltr'>ergo</span> <span class='ocrx_word' id='word_1_172' title='bbox 1032 3137 1200 3205; x_wconf 87' lang='lat' dir='ltr'>debuerat</span> <span class='ocrx_word' id='word_1_173' title='bbox 1229 3138 1298 3206; x_wconf 91' lang='lat' dir='ltr'>Plu·</span> 
     </span>
     <span class='ocr_line' id='line_1_24' title="bbox 194 3253 1297 3342; baseline 0.001 -24"><span class='ocrx_word' id='word_1_174' title='bbox 194 3254 332 3319; x_wconf 90' lang='lat' dir='ltr'>tarchus</span> <span class='ocrx_word' id='word_1_175' title='bbox 348 3253 549 3322; x_wconf 90' lang='lat' dir='ltr'>Vitellianos</span> <span class='ocrx_word' id='word_1_176' title='bbox 565 3260 674 3321; x_wconf 88' lang='lat' dir='ltr'>castra</span> <span class='ocrx_word' id='word_1_177' title='bbox 692 3255 737 3322; x_wconf 89' lang='lat' dir='ltr'>ad</span> <span class='ocrx_word' id='word_1_178' title='bbox 753 3256 913 3342; x_wconf 91' lang='lat' dir='ltr'>quintum</span> <span class='ocrx_word' id='word_1_179' title='bbox 932 3277 953 3321; x_wconf 87' lang='lat' dir='ltr'>a</span> <span class='ocrx_word' id='word_1_180' title='bbox 967 3254 1133 3321; x_wconf 88' lang='lat' dir='ltr'>Bedriaco</span> <span class='ocrx_word' id='word_1_181' title='bbox 1151 3254 1297 3341; x_wconf 89' lang='lat' dir='ltr'>lapidem</span> 
     </span>
     <span class='ocr_line' id='line_1_25' title="bbox 195 3368 1298 3458; baseline 0.001 -25"><span class='ocrx_word' id='word_1_182' title='bbox 195 3368 414 3453; x_wconf 85' lang='lat' dir='ltr'>promovisse,</span> <span class='ocrx_word' id='word_1_183' title='bbox 441 3374 574 3456; x_wconf 88' lang='lat' dir='ltr'>postero</span> <span class='ocrx_word' id='word_1_184' title='bbox 599 3371 653 3437; x_wconf 92' lang='lat' dir='ltr'>die</span> <span class='ocrx_word' id='word_1_185' title='bbox 676 3371 818 3458; x_wconf 87' lang='lat' dir='ltr'>placatis</span> <span class='ocrx_word' id='word_1_186' title='bbox 840 3370 991 3436; x_wconf 91' lang='lat' dir='ltr'>militum</span> <span class='ocrx_word' id='word_1_187' title='bbox 1013 3369 1140 3436; x_wconf 88' lang='lat' dir='ltr'>animis</span> <span class='ocrx_word' id='word_1_188' title='bbox 1163 3368 1298 3436; x_wconf 83' lang='lat' dir='ltr'>deditio</span> 
     </span>
     <span class='ocr_line' id='line_1_26' title="bbox 195 3489 628 3570; baseline 0.007 -22"><span class='ocrx_word' id='word_1_189' title='bbox 195 3505 275 3549; x_wconf 91' lang='lat' dir='ltr'>nem</span> <span class='ocrx_word' id='word_1_190' title='bbox 298 3489 527 3570; x_wconf 88' lang='lat' dir='ltr'>perpetratam</span> <span class='ocrx_word' id='word_1_191' title='bbox 549 3506 628 3551; x_wconf 89' lang='lat' dir='ltr'>esse.</span> 
     </span>
    </p>

    <p class='ocr_par' dir='ltr' id='par_1_4' title="bbox 195 3597 1299 4033">
     <span class='ocr_line' id='line_1_27' title="bbox 240 3597 1297 3685; baseline 0 -21"><span class='ocrx_word' id='word_1_192' title='bbox 240 3597 328 3664; x_wconf 79' lang='lat' dir='ltr'>Sunt</span> <span class='ocrx_word' id='word_1_193' title='bbox 350 3598 408 3684; x_wconf 92' lang='lat' dir='ltr'>qui</span> <span class='ocrx_word' id='word_1_194' title='bbox 430 3604 553 3685; x_wconf 88' lang='lat' dir='ltr'>putent</span> <span class='ocrx_word' id='word_1_195' title='bbox 576 3600 747 3667; x_wconf 92' lang='lat' dir='ltr'>Othonem</span> <span class='ocrx_word' id='word_1_196' title='bbox 770 3601 887 3667; x_wconf 88' lang='lat' dir='ltr'>audita</span> <span class='ocrx_word' id='word_1_197' title='bbox 902 3600 1054 3666; x_wconf 90' lang='lat' dir='ltr'>militum</span> <span class='ocrx_word' id='word_1_198' title='bbox 1075 3599 1236 3667; x_wconf 88' lang='lat' dir='ltr'>Bedriaci</span> <span class='ocrx_word' id='word_1_199' title='bbox 1250 3598 1297 3665; x_wconf 85' lang='lat' dir='ltr'>de</span> 
     </span>
     <span class='ocr_line' id='line_1_28' title="bbox 196 3709 1298 3802; baseline 0.002 -24"><span class='ocrx_word' id='word_1_200' title='bbox 196 3709 324 3779; x_wconf 88' lang='lat' dir='ltr'>ditione</span> <span class='ocrx_word' id='word_1_201' title='bbox 355 3719 500 3780; x_wconf 89' lang='lat' dir='ltr'>mortem</span> <span class='ocrx_word' id='word_1_202' title='bbox 523 3714 588 3781; x_wconf 90' lang='lat' dir='ltr'>sibi</span> <span class='ocrx_word' id='word_1_203' title='bbox 611 3716 821 3798; x_wconf 88' lang='lat' dir='ltr'>conscivisse,</span> <span class='ocrx_word' id='word_1_204' title='bbox 850 3737 936 3802; x_wconf 87' lang='lat' dir='ltr'>quas</span> <span class='ocrx_word' id='word_1_205' title='bbox 959 3737 1030 3781; x_wconf 91' lang='lat' dir='ltr'>non</span> <span class='ocrx_word' id='word_1_206' title='bbox 1051 3720 1125 3782; x_wconf 89' lang='lat' dir='ltr'>tam</span> <span class='ocrx_word' id='word_1_207' title='bbox 1147 3715 1298 3783; x_wconf 87' lang='lat' dir='ltr'>volunta·</span> 
     </span>
     <span class='ocr_line' id='line_1_29' title="bbox 195 3829 1299 3917; baseline 0.002 -23"><span class='ocrx_word' id='word_1_208' title='bbox 195 3829 255 3910; x_wconf 88' lang='lat' dir='ltr'>ria,</span> <span class='ocrx_word' id='word_1_209' title='bbox 283 3834 321 3895; x_wconf 93' lang='lat' dir='ltr'>ut</span> <span class='ocrx_word' id='word_1_210' title='bbox 343 3829 489 3911; x_wconf 87' lang='lat' dir='ltr'>Tacitus,</span> <span class='ocrx_word' id='word_1_211' title='bbox 511 3830 725 3913; x_wconf 88' lang='lat' dir='ltr'>Plutarchus,</span> <span class='ocrx_word' id='word_1_212' title='bbox 752 3837 827 3898; x_wconf 89' lang='lat' dir='ltr'>cett.</span> <span class='ocrx_word' id='word_1_213' title='bbox 851 3831 1001 3913; x_wconf 90' lang='lat' dir='ltr'>tradunt,</span> <span class='ocrx_word' id='word_1_214' title='bbox 1025 3852 1132 3917; x_wconf 87' lang='lat' dir='ltr'>quam</span> <span class='ocrx_word' id='word_1_215' title='bbox 1155 3851 1299 3897; x_wconf 82' lang='lat' dir='ltr'>necessa·</span> 
     </span>
     <span class='ocr_line' id='line_1_30' title="bbox 195 3944 1299 4033; baseline 0.001 -23"><span class='ocrx_word' id='word_1_216' title='bbox 195 3944 245 4011; x_wconf 89' lang='lat' dir='ltr'>ria</span> <span class='ocrx_word' id='word_1_217' title='bbox 267 3951 406 4032; x_wconf 88' lang='lat' dir='ltr'>propter</span> <span class='ocrx_word' id='word_1_218' title='bbox 425 3944 477 4009; x_wconf 90' lang='lat' dir='ltr'>sui</span> <span class='ocrx_word' id='word_1_219' title='bbox 500 3946 666 4012; x_wconf 83' lang='lat' dir='ltr'>exercitus</span> <span class='ocrx_word' id='word_1_220' title='bbox 685 3947 908 4014; x_wconf 88' lang='lat' dir='ltr'>defectionem</span> <span class='ocrx_word' id='word_1_221' title='bbox 923 3947 1040 4013; x_wconf 87' lang='lat' dir='ltr'>fuisset</span> <span class='ocrx_word' id='word_1_222' title='bbox 1061 3946 1098 4033; x_wconf 81' lang='lat'>2).</span> <span class='ocrx_word' id='word_1_223' title='bbox 1123 3947 1205 4013; x_wconf 86' lang='lat' dir='ltr'>Iure</span> <span class='ocrx_word' id='word_1_224' title='bbox 1225 3945 1299 4013; x_wconf 87' lang='lat' dir='ltr'>Ger·</span> 
     </span>
    </p>
   </div>
   <div class='ocr_carea' id='block_1_3' title="bbox 230 4112 1299 4284">
    <p class='ocr_par' dir='ltr' id='par_1_5' title="bbox 230 4112 1299 4284">
     <span class='ocr_line' id='line_1_31' title="bbox 232 4112 725 4183; baseline 0.01 -20"><span class='ocrx_word' id='word_1_225' title='bbox 232 4114 257 4173; x_wconf 71' lang='lat'>1)</span> <span class='ocrx_word' id='word_1_226' title='bbox 276 4112 369 4164; x_wconf 92' lang='lat' dir='ltr'>Philol.</span> <span class='ocrx_word' id='word_1_227' title='bbox 388 4113 546 4167; x_wconf 85' lang='lat' dir='ltr'>Rundsohau</span> <span class='ocrx_word' id='word_1_228' title='bbox 564 4116 586 4167; x_wconf 94' lang='lat' dir='ltr'>I.</span> <span class='ocrx_word' id='word_1_229' title='bbox 606 4134 646 4183; x_wconf 85' lang='lat' dir='ltr'>pg.</span> <span class='ocrx_word' id='word_1_230' title='bbox 666 4117 725 4171; x_wconf 80' lang='lat'><strong>956.</strong></span> 
     </span>
     <span class='ocr_line' id='line_1_32' title="bbox 230 4208 1299 4284; baseline 0.006 -24"><span class='ocrx_word' id='word_1_231' title='bbox 230 4208 258 4277; x_wconf 79' lang='lat'>2)</span> <span class='ocrx_word' id='word_1_232' title='bbox 277 4209 315 4262; x_wconf 79' lang='lat' dir='ltr'>(n.</span> <span class='ocrx_word' id='word_1_233' title='bbox 334 4209 487 4264; x_wconf 88' lang='lat' dir='ltr'>Mommsen.</span> <span class='ocrx_word' id='word_1_234' title='bbox 503 4213 614 4265; x_wconf 89' lang='lat' dir='ltr'>Hermes</span> <span class='ocrx_word' id='word_1_235' title='bbox 627 4213 676 4267; x_wconf 86' lang='lat' dir='ltr'>IV.</span> <span class='ocrx_word' id='word_1_236' title='bbox 689 4232 747 4282; x_wconf 85' lang='lat' dir='ltr'>pgg.</span> <span class='ocrx_word' id='word_1_237' title='bbox 762 4215 910 4270; x_wconf 83' lang='lat'><strong>310-312.</strong></span> <span class='ocrx_word' id='word_1_238' title='bbox 929 4216 1036 4270; x_wconf 73' lang='lat' dir='ltr'>Krousa</span> <span class='ocrx_word' id='word_1_239' title='bbox 1050 4214 1068 4268; x_wconf 81' lang='lat' dir='ltr'>l.</span> <span class='ocrx_word' id='word_1_240' title='bbox 1082 4215 1099 4268; x_wconf 93' lang='grc'>1.</span> <span class='ocrx_word' id='word_1_241' title='bbox 1115 4233 1175 4284; x_wconf 85' lang='lat' dir='ltr'>pgg.</span> <span class='ocrx_word' id='word_1_242' title='bbox 1191 4213 1299 4270; x_wconf 80' lang='lat'><strong>52-55.</strong></span> 
     </span>
    </p>
   </div>
   <div class='ocr_carea' id='block_1_4' title="bbox 0 0 1524 5190">
    <p class='ocr_par' dir='ltr' id='par_1_6' title="bbox 0 0 1524 5190">
     <span class='ocr_line' id='line_1_33' title="bbox 0 0 1524 5190; baseline 0 0"><span class='ocrx_word' id='word_1_243' title='bbox 0 0 1524 5190; x_wconf 95' lang='lat' dir='ltr'> </span> 
     </span>
    </p>
   </div>
  </div>
 </body>
</html>
