3038 5190
874 531 918 596 34

339 723 521 789 affirmant.
552 722 617 789 Sed
649 721 809 788 omuibus
838 721 931 788 hisce
962 743 1033 787 non
1064 720 1219 788 multum
1245 723 1457 810 proficimus
1464 746 1470 803 ;

340 842 419 904 sunt
441 836 684 925 explicationes
706 837 806 923 aequi
829 836 1000 924 ponderis,
1025 858 1171 923 quarum
1196 837 1303 904 hanc
1321 838 1471 918 illamve,

340 959 441 1042 prout
463 953 730 1020 Mommsenium
750 958 810 1019 aut
825 952 1023 1019 Olasonium
1038 953 1228 1039 sequimur,
1248 955 1385 1020 eodem
1405 953 1472 1018 iure

339 1067 561 1156 comprobare
584 1089 772 1155 possumus.

384 1185 578 1250 Mommsen
602 1184 627 1268 1)
651 1183 843 1250 communis
874 1182 978 1250 fontis
1001 1205 1102 1250 usum
1125 1204 1164 1250 eo
1193 1183 1342 1251 firmari
1366 1189 1472 1272 putat,

341 1300 434 1386 quod
455 1299 631 1365 nonnullis
651 1299 744 1382 locis,
765 1297 825 1365 ubi
848 1298 985 1365 Tacitus
1008 1299 1123 1364 minus
1146 1296 1240 1365 clare
1261 1321 1325 1365 res
1351 1299 1472 1380 tradat,

342 1413 545 1480 Plutarchus
557 1413 651 1481 velut
667 1396 955 1501 supplementum,
968 1434 1036 1500 quo
1051 1412 1161 1480 Taciti
1173 1414 1342 1480 narratio
1359 1414 1474 1502 expla-

342 1532 451 1610 netur,
476 1527 645 1614 praebeat.
670 1528 834 1595 Attamen
857 1549 936 1615 pars
958 1528 984 1616 2)
1001 1526 1241 1614 exemplorum
1262 1527 1315 1595 ab
1339 1550 1380 1595 eo
1401 1550 1473 1617 pro·

342 1640 491 1708 latorum
521 1643 571 1709 nil
594 1643 814 1724 demonstrat,
846 1665 925 1708 cum
949 1664 1007 1709 eae
1030 1664 1083 1709 res
1113 1644 1149 1708 a⁰
1171 1643 1214 1707 68
1243 1648 1372 1728 gestae
1396 1644 1472 1725 sint,

343 1777 455 1823 annus
477 1758 519 1823 69
539 1758 768 1824 Historiarum
784 1757 924 1823 initium
946 1756 990 1822 sit
1005 1757 1042 1843 3),
1062 1754 1198 1823 Tacitus
1214 1758 1348 1843 paucis
1360 1757 1474 1826 verbis

343 1871 511 1940 nonnulla
523 1872 672 1959 proximi
688 1871 771 1938 anni
787 1872 875 1938 facta
890 1876 1031 1959 repetat,
1047 1875 1085 1937 ut
1101 1869 1211 1958 qualis
1230 1876 1351 1938 status
1367 1872 1472 1954 urbis,

346 2008 432 2073 quae
456 2008 553 2053 mens
577 1987 799 2068 exercituum,
820 1987 896 2073 quis
910 1986 1049 2054 habitus
1063 1985 1335 2074 provinciarum
1360 1989 1472 2070 fuerit,

345 2107 494 2188 exponat
516 2103 553 2190 4).
579 2102 679 2181 Quod
708 2102 753 2169 ad
783 2101 851 2169 alia
881 2100 1040 2190 exempla
1070 2100 1189 2167 eodem
1212 2100 1292 2168 iure
1320 2108 1474 2171 statuere

343 2237 523 2303 possumus
546 2216 770 2284 Plutarchum
789 2217 898 2283 Taciti
920 2217 1153 2284 narrationem
1175 2237 1323 2283 ornasse
1344 2223 1381 2284 et
1404 2240 1474 2285 am-

344 2330 510 2417 plificasse
533 2332 559 2418 5)
582 2331 637 2398 vel
660 2331 768 2398 alium
792 2331 930 2418 insuper
953 2336 1126 2398 auctorem
1148 2327 1368 2420 adhibuisse.
1394 2333 1423 2421 6)

389 2445 509 2511 Nissen
533 2446 619 2533 petit
641 2467 683 2512 ex
706 2467 745 2513 eo
773 2451 1025 2532 argumentum,
1050 2445 1142 2534 quod
1164 2444 1207 2510 de
1231 2443 1381 2513 Othone
1411 2448 1474 2514 Ta-

345 2564 431 2631 citus
461 2565 570 2632 multo
600 2564 754 2653 iniquius
786 2587 892 2652 quam
922 2565 1125 2632 Plutarchus
1158 2564 1289 2631 iudicet
1328 2566 1368 2655 ⁷).
1406 2567 1473 2635 Sed

344 2700 563 2766 nequaquam
596 2701 669 2746 rem
701 2681 751 2746 ita
785 2701 819 2746 sc
853 2679 979 2747 habere
1009 2680 1089 2746 satis
1124 2699 1295 2766 superque
1333 2681 1474 2748 Gerste·

381 2832 407 2901 1)
425 2834 443 2886 l.
461 2835 479 2886 l.
498 2853 557 2903 pgg.
577 2834 725 2890 309-312.

360 2942 361 2947 ’
380 2929 407 2998 2)
426 2931 468 2983 De
490 2933 680 2986 classiariorum
703 2933 824 2986 tumultu.
844 2933 875 2985 T.
899 2933 936 2984 H.
960 2933 982 2985 Ι.
1007 2933 1031 2986 6.
1055 2933 1085 2984 P.
1104 2932 1138 2984 G.
1159 2932 1206 2997 153
1225 2931 1259 2983 de
1276 2931 1473 2988 donationibus

344 3023 464 3086 Neronis.
484 3029 515 3081 T.
535 3029 571 3082 H.
591 3031 613 3082 Ι.
632 3029 674 3084 20.
694 3031 723 3082 P.
743 3029 776 3082 G.
797 3030 837 3083 16.
1007 3031 1009 3036 ⁸

380 3125 407 3191 3)
426 3126 457 3178 T.
477 3126 513 3178 H.
533 3127 555 3179 Ι.
576 3128 599 3179 1.
620 3126 746 3194 „Initium
758 3126 823 3178 mihi
836 3126 921 3194 operis
935 3126 1042 3180 Servius
1055 3125 1140 3178 Galba
1157 3125 1253 3178 iterum
1267 3125 1351 3180 Titus
1371 3128 1471 3182 Vinius

345 3222 461 3275 consules
479 3223 571 3275 erunt’'
589 3223 607 3275 i.
626 3241 648 3276 e.
668 3224 727 3276 Kal.
747 3224 803 3276 Ian.
824 3224 865 3278 69.

363 3315 365 3319 ’
379 3319 406 3386 4)
425 3320 456 3373 T.
476 3321 512 3373 H.
538 3322 560 3374 I.
586 3321 611 3373 4.
638 3320 776 3386 „Ceterum
799 3329 937 3390 antequam
959 3321 1086 3374 destinata
1106 3337 1265 3389 componam,
1289 3323 1470 3390 repetendum

343 3415 453 3482 videtur,
466 3418 552 3493 qualis
569 3425 650 3470 status
668 3418 746 3484 urbis,
765 3435 832 3486 quae
844 3435 917 3471 mens
930 3418 1098 3484 exercituum,
1117 3417 1175 3486 quis
1192 3415 1296 3469 habitus
1314 3419 1469 3485 provincia·

344 3509 411 3578 rur'n,
430 3513 492 3580 quid
505 3514 534 3566 in
548 3522 601 3567 toto
614 3522 743 3568 terramm
756 3514 818 3568 orbe
831 3514 954 3582 validum,
969 3515 1032 3583 quid
1045 3531 1150 3582 aegrum
1163 3512 1248 3579 fuerit,
1268 3519 1298 3565 ut
1316 3530 1375 3567 non
1388 3515 1469 3568 modo

345 3625 419 3662 casus
437 3618 595 3679 eventusque
609 3629 704 3677 rerum,
723 3612 767 3679 qui
786 3612 938 3680 plerumque
955 3612 1055 3665 fortuiti
1069 3618 1137 3678 sunt,
1156 3609 1200 3664 sed
1217 3609 1285 3663 ratio
1302 3610 1388 3664 etiam
1407 3629 1469 3664 mu·

346 3720 440 3776 sueque
453 3709 618 3761 noscantur.'’

382 3805 409 3872 5)
428 3805 469 3858 De
487 3805 588 3859 Tiberis
601 3805 777 3859 inundatione.
792 3806 823 3859 T.
839 3807 875 3859 Η.
895 3807 918 3859 Ι.
937 3806 980 3861 86.
1000 3807 1029 3859 Ρ.
1050 3806 1082 3858 O.
1097 3807 1121 3859 4.
1136 3806 1167 3858 ci.
1182 3804 1276 3858 Leuius
1288 3805 1306 3857 l.
1321 3805 1340 3858 l.
1357 3824 1402 3875 pg.
1423 3807 1467 3862 94.

346 3900 378 3953 de
392 3901 495 3955 Othone
508 3903 618 3956 Brixelli
631 3910 780 3956 remanente
793 3904 822 3956 P.
837 3903 869 3956 Ο.
885 3904 908 3957 5.
923 3903 955 3955 oi.
970 3903 1063 3955 Lezius
1076 3920 1134 3970 pgg.
1150 3901 1192 3967 98,
1207 3901 1249 3955 99.

382 3999 409 4067 6)
427 3999 469 4052 De
483 4000 592 4053 navibus
605 3999 769 4053 incendiariis
782 4001 812 4052 P.
827 3999 859 4051 Ο.
875 3999 916 4054 19.
927 3999 959 4064 de
968 3999 1176 4052 Othonianorum
1184 3997 1316 4052 deditione
1328 4000 1363 4053 P.
1380 4001 1413 4055 0.
1427 4003 1468 4057 13.

383 4096 410 4161 7)
428 4096 445 4147 Ι.
461 4096 477 4147 l.
497 4114 538 4164 pg.
558 4097 617 4151 516.
639 4097 703 4163 „Als
721 4096 849 4149 leitenden
869 4096 1015 4148 Grundsatz
1033 4097 1076 4148 fiir
1092 4096 1133 4148 die
1152 4095 1247 4161 Partie,
1264 4094 1365 4151 welche
1384 4098 1470 4153 durch

348 4189 390 4242 die
404 4192 608 4259 plutarchisohen
627 4193 802 4260 Biographien
815 4192 948 4245 controlirt
959 4193 1031 4258 wird,
1044 4193 1114 4244 kann
1127 4209 1186 4243 man
1199 4191 1324 4259 angeben,
1339 4194 1405 4249 dass
1418 4197 1471 4250 Ta·
