3030 5190
733 544 775 607 36

201 735 228 800 Ι.
252 735 304 800 49.
327 734 483 820 ignotum
506 734 605 800 illum
628 734 773 820 Argium
804 739 941 801 tantum
964 734 1112 802 Galbam
1143 737 1306 824 sepultura

201 849 388 915 contexisse
411 855 536 916 narrat.
561 850 587 936 1)
610 848 649 916 0.
681 851 711 914 3.
735 849 778 914 de
802 849 1046 936 diplomatibus
1069 851 1218 916 Neronis
1240 873 1306 937 cog·

201 964 340 1030 nomine
363 964 567 1051 perscriptis,
592 984 737 1051 quorum
760 963 838 1030 Tac.
862 965 907 1030 H.
932 965 958 1030 Ι.
991 965 1042 1032 78.
1072 966 1209 1033 nullam
1235 968 1307 1033 facit

200 1079 420 1145 mentionem.
444 1079 495 1144 De
518 1079 583 1144 hac
605 1101 641 1144 re
663 1078 734 1145 iam
756 1101 859 1166 supra
882 1080 951 1165 egi;
976 1079 1055 1147 vido
1078 1102 1157 1167 pgg.
1183 1083 1215 1162 6,
1237 1083 1267 1148 -7,

245 1193 280 1258 Si
303 1193 507 1260 Plutarchus
529 1200 644 1260 autem
663 1195 816 1280 primum
831 1194 898 1261 alio
920 1194 1023 1277 fonte,
1047 1195 1174 1261 deinde
1197 1197 1306 1262 Tacito

200 1329 281 1373 usus
305 1313 363 1391 est,
387 1330 472 1395 opus
495 1307 648 1376 velutin
672 1308 756 1374 duas
782 1315 895 1395 partes
918 1309 1026 1391 cadat,
1050 1330 1200 1396 quarum
1224 1332 1307 1376 com-

199 1422 321 1509 positio
345 1423 489 1506 differat,
512 1444 646 1489 necesse
669 1428 727 1489 est.
746 1422 859 1509 Atque
875 1422 974 1489 nobis
989 1423 1093 1490 talem
1116 1424 1155 1489 in
1178 1446 1309 1512 compo·

198 1537 317 1602 sitione
349 1537 577 1604 differentiam
606 1537 707 1624 plane
738 1543 870 1603 exstare
900 1538 1045 1605 videtur.
1078 1538 1192 1617 Quare
1221 1539 1307 1605 enim

198 1651 400 1719 Plutarchus
423 1674 573 1724 seorsum
598 1652 726 1719 Galbae
743 1653 892 1740 priorem
909 1654 1016 1721 vitam
1039 1655 1243 1721 summatim
1259 1654 1306 1741 (G.

197 1768 230 1851 3)
254 1767 424 1850 describit,
448 1790 526 1834 cum
549 1768 640 1835 Otho
663 1768 700 1833 in
723 1769 928 1834 narrationis
951 1774 1067 1835 tenore
1081 1768 1308 1836 introducitur

197 1889 297 1970 atque
319 1883 356 1950 id
379 1884 499 1950 eodem
523 1905 589 1970 quo
612 1883 705 1971 apud
728 1883 886 1949 Tacitum
908 1882 1034 1949 modo?

238 1999 273 2060 G.
298 2002 343 2060 19.
368 2006 488 2060 Τοιαῦτα
513 2002 546 2059 δε·
574 2005 661 2074 ἕτερα
688 2006 736 2058 καί
816 2001 850 2060 Τ.
871 2000 909 2059 Η.
928 2000 953 2058 I.
968 1999 1015 2059 12.
1035 1999 1158 2074 „Paucis
1173 2006 1243 2078 post
1256 2002 1308 2060 Ka-

198 2119 259 2165 τῶν
272 2113 328 2166 ὑπὸ
346 2113 504 2183 Τιγελλίνῳ
531 2106 553 2181 ²)
584 2112 735 2182 ταγμάτων
775 2106 875 2166 landas
889 2107 1043 2167 Ianuarias
1063 2106 1167 2166 diebus
1189 2106 1308 2184 Pompei

198 2206 376 2289 ὑβριζόντων
413 2219 554 2287 πολλάκις
587 2217 733 2284 ἐπέμπετο
773 2212 937 2290 Propinqui
957 2213 1161 2289 procuratoris
1181 2233 1197 2272 o
1216 2213 1308 2290 Belgi·

196 2326 350 2396 γράμματα
379 2335 418 2394 τῷ
446 2326 547 2397 Γάλβᾳ
569 2325 648 2394 παρὰ
676 2331 735 2377 τῶν
775 2338 809 2378 ca
822 2319 926 2378 literae
941 2319 1127 2392 adseruntur,
1145 2318 1308 2396 Superioris

195 2409 369 2502 ἐπιτρόπων·
775 2423 949 2484 Germaniae
962 2425 1091 2502 legiones
1105 2429 1197 2501 mpla
1218 2445 1308 2486 sacra·

773 2531 865 2591 monti
899 2531 1065 2592 reverentia
1099 2531 1307 2608 imperatorem

773 2637 865 2695 alium
885 2637 1039 2714 flagitare'’
1063 2682 1192 2698 .....

237 2752 254 2805 ὁ
268 2749 302 2805 δε·
315 2752 464 2823 φοβηθείς,
475 2751 518 2818 ὡς
528 2749 671 2820 μὴμόνον
685 2745 732 2801 διὰ
816 2743 997 2815 „Maturavit
1023 2763 1057 2802 ea
1083 2762 1130 2802 res
1154 2744 1308 2803 consilium

196 2857 228 2910 τὸ
240 2867 342 2928 γῆρας,
357 2857 435 2910 ἀλλα
451 2857 499 2910 καί
517 2854 564 2909 διὰ
578 2855 631 2924 τὴν
650 2857 731 2908 άπαι-
772 2847 883 2908 Galbae
897 2849 955 2907 iam
970 2848 1084 2924 pridem
1099 2848 1135 2907 de
1149 2849 1307 2924 adoptione

196 2952 261 3016 δίαν
280 2965 565 3032 καταφρονούμενος,
580 2961 732 3031 ἐβουλεύε-
773 2973 871 3013 secum
893 2958 1008 3014 etcum
1031 2954 1173 3030 proximis
1197 2945 1307 3031 agitan-

196 3084 228 3122 το
255 3067 345 3123 παῖδα
371 3070 477 3124 θέσθαι
504 3076 563 3122 τῶν
580 3069 733 3136 ἐπιφανῶν
773 3059 840 3119 tis.”
864 3105 870 3118 .
894 3105 901 3118 .
924 3105 931 3118 .
954 3105 960 3118 .

195 3191 258 3229 τινα
275 3178 430 3230 νεανίσκον
449 3176 496 3229 καί
515 3171 650 3245 διάδοχον
663 3175 733 3226 ἀπο-

197 3279 288 3349 δεῖξαι
302 3291 352 3352 rra
366 3284 464 3353 ‹rens-

234 3385 288 3441 Ἠν
302 3384 335 3441 δε·
344 3389 467 3458 Μάρκος
481 3386 584 3454 Ὀδων,
599 3385 674 3455 ἀνὴρ
686 3384 734 3456 γὲ·
816 3379 861 3437 13.
888 3376 1039 3454 „Namque
1054 3375 1132 3436 Otho
1149 3377 1308 3453 pueritiam

194 3513 238 3550 νει
253 3495 310 3564 μὲν
327 3497 379 3549 οὐκ
393 3495 516 3564 ἀφανής,
532 3502 624 3564 τρυφῇ
639 3489 733 3545 δὲκαὶ
773 3485 928 3557 incuriose,
938 3483 1167 3543 adulescentiam
1174 3485 1307 3560 petulan-

195 3599 374 3672 φιληδονίας
396 3602 484 3670 εὐθὺς
505 3602 540 3654 ἐκ
563 3596 676 3653 παίδων
698 3599 733 3651 ἐν
772 3595 818 3651 ter
839 3590 969 3668 egerat.''

196 3708 305 3779 ὀλίγοις
323 3709 472 3775 Ῥωμαίων
485 3704 708 3776 διεφθαρμένος,

235 3809 377 3887 Sequitur
402 3808 584 3885 comparatio
609 3806 733 3866 Othonis

197 3934 264 3974 cum
285 3916 399 3977 Paride.

235 4110 505 4181 1)Cf.Lange.1.l.
526 4130 566 4181 pg.
586 4112 628 4165 21.
648 4111 741 4164 Lezius
761 4111 777 4162 l.
798 4111 814 4162 l.
835 4127 876 4177 pg.
897 4110 938 4161 71.

233 4204 260 4273 2)
279 4208 361 4275 Lege:
384 4209 530 4276 Οὐϊτελλίῳ.
550 4211 580 4262 cf.
601 4210 694 4261 Coroll.
715 4207 777 4259 Crit.
798 4224 820 4257 a.
841 4207 858 4257 l.
