3038 5190
645 504 787 617 '51

202 743 380 809 Plutarchi
404 741 506 807 modo
530 741 634 808 citato
667 747 871 829 comparant
902 749 1005 830 atque
1029 745 1259 810 communiter
1283 768 1325 810 ex

204 858 325 924 eodem
349 858 442 924 fonte
462 863 552 923 ortos
572 878 643 923 esse
664 862 798 944 putant,
818 857 1090 945 haudquaquam
1110 858 1161 924 illi
1178 859 1326 925 Secundi

203 975 400 1041 testimonio
425 978 587 1059 cognatos
610 993 691 1053 esse,
712 973 936 1038 conferendos
963 995 1147 1041 varocum
1172 975 1211 1041 Ο.
1231 977 1261 1042 8.
1287 975 1327 1037 οὐ

201 1089 270 1170 μὴν
284 1086 437 1151 ἐπείθετο
457 1089 514 1172 (sc.
533 1087 637 1173 Otho)
659 1086 792 1166 τούτοις
813 1087 870 1173 (sc.
894 1087 945 1168 iis,
971 1088 1030 1174 qui
1054 1110 1208 1175 pugnam
1232 1089 1327 1155 diffe-

203 1201 348 1268 rendam
367 1224 437 1269 esse
454 1201 664 1289 censebant),
686 1199 775 1263 ἀλλὰ
789 1201 982 1283 ἐκράτησαν
996 1205 1028 1265 οἱ
1040 1202 1125 1284 πρὸς
1140 1204 1201 1284 τὴν
1211 1205 1327 1288 μάχην

200 1326 455 1399 παρορμῶντες,
491 1319 529 1385 Ο.
552 1319 603 1384 11.
628 1313 713 1398 ἦλθε
727 1315 804 1397 παρ’
819 1314 970 1397 Ὄθωνος
985 1319 1101 1399 ἱππεὺς
1122 1329 1192 1382 τῶν
1205 1318 1325 1382 calov-

197 1433 316 1511 μένων
344 1431 516 1513 Νομάὸων
537 1433 721 1515 γράμματα
749 1433 897 1512 νομίζων
925 1432 1112 1500 κελεύοντα
1137 1436 1183 1517 μὴ
1209 1436 1326 1513 μένειν

197 1544 287 1629 μηὸὲ
310 1545 498 1628 διατρίβειν,
522 1545 597 1609 ἀλλ’
621 1547 715 1627 ἄγειν
736 1545 839 1626 εὐθὺς
865 1547 917 1610 ἐπὶ
942 1547 1023 1627 τοὺς
1044 1546 1234 1629 πολεμίους.
1258 1549 1324 1615 Sed

200 1684 293 1749 pone
323 1663 471 1729 Secundi
495 1663 731 1729 testimonium
755 1663 791 1727 in
817 1663 933 1750 aliquo
957 1664 1136 1730 communi
1157 1665 1251 1730 fonte
1275 1686 1327 1730 oc·

200 1778 357 1859 currisse,
374 1799 490 1844 nonne
507 1778 635 1843 mirum
651 1784 701 1844 est
714 1778 881 1859 Tacitum,
895 1779 954 1865 qui
972 1800 1090 1844 causas
1105 1800 1145 1845 ac
1157 1779 1325 1846 rationem

199 1914 318 1957 rerum
333 1892 693 1979 pernoscercstudeat,
709 1892 814 1958 talem
830 1914 904 1957 rem
921 1893 1055 1958 silentio
1073 1894 1248 1978 premere?
1261 1894 1328 1960 Ve-

199 2029 281 2072 rum
305 2007 438 2091 etiamsi
458 2008 545 2094 quis,
571 2006 663 2094 quod
687 2008 847 2094 equidem
871 2008 931 2074 vix
956 2007 1172 2089 crediderim,
1195 2008 1327 2074 Plutar-

200 2123 309 2188 chum
332 2122 376 2189 ab
400 2122 468 2188 alio
493 2122 642 2188 Secundi
665 2122 900 2187 testimonium
924 2123 1061 2208 petiisse
1085 2129 1229 2203 censeat,
1247 2123 1328 2188 Ger-

199 2236 391 2303 steneckeri
415 2239 440 2323 1)
465 2237 578 2325 potius
601 2236 827 2324 amplectatur
850 2237 1055 2302 sententiam
1079 2258 1126 2301 sc:
1149 2258 1169 2302 a
1189 2238 1327 2303 Mestrio

200 2351 304 2417 Floro
323 2351 549 2418 Plutarchum
563 2373 602 2417 ea
618 2351 775 2417 audiisse.
801 2351 947 2437 Quoquo
963 2350 1067 2415 modo
1087 2373 1140 2417 res
1160 2374 1195 2417 sc
1211 2352 1326 2432 habet,

200 2465 398 2547 Plutarcho,
422 2467 553 2532 Romae
574 2465 812 2546 commoranti,
838 2465 1104 2547 cumSecund0,
1128 2465 1327 2533 liberalibus

199 2580 332 2676 artibus
356 2580 501 2663 imbut0,
525 2581 808 2647 consuetudinem
827 2580 930 2645 fuisse
949 2580 1050 2646 valde
1075 2580 1253 2667 probabile
1278 2582 1327 2649 vi-

201 2696 312 2761 detur.
376 2699 381 2707 '
1326 2707 1330 2715 “

247 2810 381 2877 Scimus
403 2832 483 2897 ergo
506 2811 731 2877 Plutarchum
755 2810 792 2875 in
824 2809 925 2876 Italia
954 2810 1066 2890 fuisse,
1099 2809 1181 2875 belli
1212 2811 1327 2878 locum

199 2925 467 3012 perambulasse,
506 2927 581 2994 viro
620 2947 765 3011 magnac
804 2924 1023 3005 auctoritatis,
1041 2926 1067 3013 2)
1101 2925 1176 3012 ipso
1211 2949 1327 2993 rerum

198 3047 284 3106 teste
313 3040 528 3108 familiariter
557 3062 658 3105 usum
690 3061 770 3120 esse,
795 3039 974 3126 colloquiis
998 3061 1094 3105 casus
1117 3048 1327 3129 eventusque

200 3155 287 3221 anni
306 3156 349 3221 69
368 3160 538 3222 tractasse.
559 3154 671 3235 Adde,
692 3154 784 3241 quod
809 3155 909 3220 annis
930 3156 982 3235 68,
1003 3156 1045 3220 69
1065 3177 1192 3240 magna
1212 3178 1327 3221 rerum
1420 3168 1423 3174 ‘

200 3271 378 3337 conversio
413 3269 600 3357 imperium
639 3271 837 3336 Romanum
873 3291 982 3356 paene
1018 3269 1194 3337 subvertit.
1230 3257 1328 3336 Tunc

200 3384 355 3472 primum
379 3406 399 3450 a
422 3383 589 3449 militibus
612 3384 836 3470 imperatores
854 3383 935 3448 facti
956 3391 1045 3465 sunt,
1069 3384 1247 3469 „evulgato
1267 3385 1329 3450 im-

200 3499 288 3585 perii
311 3521 446 3581 arcano,
471 3521 568 3586 possc
592 3499 787 3586 principem
819 3497 903 3564 alibi
935 3520 1039 3585 quam
1071 3500 1202 3565 Romae
1233 3499 1328 3565 fieri''

241 3646 461 3712 1)1.1.pg.56.

238 3741 265 3804 2)
284 3742 408 3794 Mestrius
426 3744 527 3795 Florus.
547 3743 579 3795 O.
601 3744 641 3796 14.
666 3742 732 3811 ἀνὴρ
758 3741 883 3800 ὑπατικὸς
906 3748 958 3794 τῶν
981 3743 1037 3794 τότε
1059 3742 1097 3810 μὴ
1121 3742 1188 3795 κατὰ
1211 3742 1327 3811 γνώμην,

199 3837 259 3890 ἀλλ’
278 3837 377 3907 ἀνάγκη
396 3838 460 3906 μετὰ
478 3847 524 3892 τοῦ
542 3840 665 3898 Ὄθωνος
684 3838 839 3908 γενομένων.
859 3840 1021 3906 Vespasiano
1040 3840 1184 3891 familiaris.
1204 3841 1235 3892 cf.
1255 3840 1327 3893 Suet.

200 3937 282 4004 Vesp.
302 3935 351 3988 22:
371 3937 526 4002 „Mestrium
539 3938 647 3989 Florum
661 3939 823 3990 consularem
839 3936 987 3988 admonitus
1003 3937 1036 3988 ab
1055 3955 1093 4000 ec,
1113 3938 1229 4004 plaustra
1241 3939 1327 4005 potius

200 4051 281 4101 quam
300 4034 397 4101 plostra
413 4034 530 4100 dicenda,
549 4044 651 4103 postero
669 4035 712 4087 die
730 4035 855 4086 Flaurunr
875 4034 1023 4101 salutavitJ’
1043 4033 1082 4084 cf.
1097 4035 1239 4085 Anonrrru
1253 4035 1327 4085 Cus-

199 4129 340 4183 NEVOERE.
365 4130 406 4183 De
433 4131 567 4184 Plutarchi
589 4132 767 4183 familiaribus.
787 4131 857 4183 Diss.
881 4131 963 4182 Paris.
986 4130 1062 4183 1886.
1082 4148 1140 4197 pgg.
1160 4131 1274 4184 49-51.
1294 4131 1326 4182 de

201 4226 336 4279 Plutarchi
350 4227 486 4280 itineribus
505 4229 617 4280 Romam
637 4246 678 4294 pg.
699 4229 723 4280 9.

1151 4313 1191 4377 4*
