3038 5190
738 472 759 536 8

192 661 229 726 in
260 661 343 727 aede
367 660 548 747 Apollinis,
572 667 617 727 ut
646 662 761 728 fama
786 663 883 744 fuit,
912 664 1079 751 pepigere.
1111 665 1241 733 Verba
1271 689 1330 736 vo·

193 797 315 863 cosque
342 777 427 842 duos
449 780 550 842 testes
576 774 760 856 habebant,
787 777 948 845 Cluvium
971 780 1099 846 Rufum
1127 786 1163 846 et
1191 781 1328 848 Silium

193 890 383 957 Italicum.''
418 891 513 956 Haec
548 889 651 957 verba
681 913 742 978 per
772 912 807 957 se
838 897 910 958 tarn
948 892 1049 980 plane
1087 895 1327 963 Mommsenii

193 1005 351 1092 Patrique
374 1005 579 1071 sententiam
601 1004 770 1087 refellunt,
791 1011 829 1072 ut
847 1006 996 1093 amplius
1013 1007 1055 1073 de
1078 1008 1121 1073 iis
1145 1009 1326 1076 disserere

193 1140 278 1206 opus
301 1119 447 1186 nonsit.
472 1121 497 1207 1)

236 1235 464 1300 Transeamus
484 1234 528 1300 ad
548 1234 704 1300 Nissnrnr
720 1236 1054 1301 commentationem.
1078 1236 1193 1302 Multa
1218 1261 1324 1324 prae-

192 1351 281 1416 fatus
304 1349 347 1415 de
366 1349 587 1436 antiquorum
606 1349 785 1416 historiam
808 1342 1045 1417 conscribendi
1065 1372 1202 1436 genere,
1229 1353 1325 1419 vita-

192 1486 269 1531 rum
289 1463 448 1530 editionis
468 1469 661 1551 temporum
685 1466 826 1546 ratione,
846 1464 922 1531 aliis
944 1466 988 1532 ad
1011 1487 1084 1531 rein
1108 1466 1325 1552 pertinenti-

192 1577 257 1644 bus
277 1577 542 1664 quaestionibus,
562 1578 736 1644 concludit
758 1578 779 1645 l.
805 1578 826 1644 l.
852 1601 929 1666 pgg.
954 1580 1018 1647 532
1042 1601 1115 1666 sqq.
1139 1579 1181 1646 Ο.
1205 1580 1324 1646 Plini-

192 1715 252 1759 um
275 1714 494 1759 oommunem
517 1694 649 1759 fontem
670 1693 784 1775 fuisse,
807 1715 911 1780 quarn
935 1694 980 1760 ad
1003 1694 1211 1760 sententiam
1238 1718 1320 1782 pro·

192 1807 344 1874 bandam
367 1813 496 1894 septem
519 1808 647 1874 indicia
669 1808 784 1890 habet,
811 1830 899 1895 quae
929 1809 1038 1875 multa
1060 1848 1105 1858 —
1126 1831 1170 1875 ne
1193 1809 1320 1877 dicam

195 1924 369 1991 nimia-
399 1922 524 1989 fiducia
547 1923 697 2009 exponit.
721 1923 919 1990 Paullulum
946 1924 1039 1989 enim
1069 1923 1187 1990 valent
1210 1946 1321 2011 argu·

192 2044 308 2104 menta
332 2043 371 2104 ut
403 2037 575 2119 „Drittens
602 2038 728 2102 nimmt
757 2058 860 2103 unser
886 2038 1180 2104 Berichterstatter
1207 2039 1320 2126 dieje-

192 2154 270 2239 nige
290 2151 445 2238 Stellung
464 2173 505 2217 zu
529 2152 596 2218 den
613 2152 869 2218 Adelscoterien
889 2153 955 2234 ein,
973 2152 1100 2220 welche
1122 2173 1239 2238 genau
1256 2159 1324 2222 auf

191 2267 324 2335 Plinius
347 2267 493 2332 zutrifft''
518 2274 579 2333 etc.
607 2267 785 2348 ,Viertens
808 2266 890 2332 lasst
913 2267 968 2333 die
991 2266 1222 2353 Verbindung
1247 2270 1318 2335 mit

192 2382 363 2447 Mannern
387 2381 448 2447 wie
467 2381 652 2466 Verginius
674 2380 747 2446 und
768 2381 913 2447 Caecina
933 2381 1004 2446 und
1028 2380 1127 2446 mehr
1145 2381 1240 2447 noch
1258 2384 1319 2450 die

230 2577 255 2636 lt
274 2575 356 2627 Omisi
371 2574 546 2641 quaestionem
557 2578 584 2627 a⁰
594 2574 628 2628 70
641 2582 758 2627 mortuus
771 2576 804 2627 sit
818 2576 906 2642 (quam
918 2575 950 2627 ob
964 2591 1019 2627 rem
1032 2575 1095 2626 haec
1107 2581 1224 2641 tempera
1238 2575 1316 2628 haud

192 2672 270 2725 dubie
292 2679 402 2724 tractare
424 2671 580 2739 nequiverit)
604 2671 711 2724 Cluvius
733 2689 821 2725 necne.
848 2672 900 2737 Qui
925 2672 989 2724 illud
1014 2678 1162 2737 autumant,
1186 2671 1318 2738 ingerunt

193 2773 261 2823 locos
279 2770 340 2821 Tac.
360 2770 396 2820 H.
416 2769 457 2822 lV
476 2769 517 2822 39.
538 2769 699 2834 „citeriorem
718 2769 874 2837 Hispaniam
892 2777 1023 2822 ostentans
1041 2769 1200 2820 discessu
1224 2767 1317 2822 Cluvii

194 2868 255 2920 Rufi
275 2868 408 2933 vacuam”‚
427 2867 472 2919 ubi
491 2866 641 2934 Nipperdey
659 2884 706 2935 pro
732 2866 893 2932 „discessu”:
917 2866 1060 2918 decessu
1082 2867 1167 2932 legere
1185 2866 1257 2930 vult·;
1279 2867 1316 2921 43

195 2965 237 3032 (de
255 2964 380 3016 Helvidio
398 2972 487 3016 contra
505 2964 658 3015 Marcellum
676 2963 787 3030 Eprium
805 2963 832 3014 in
856 2971 946 3015 senatu
968 2963 1048 3015 verba
1070 2962 1189 3030 faciente)
1214 2961 1318 3028 „igitur

195 3081 211 3114 a
235 3061 311 3114 laude
329 3060 413 3114 Cluvii
437 3061 501 3113 Ruti
524 3077 605 3125 orsus,
628 3060 674 3127 qui
695 3060 802 3127 perinde
824 3059 896 3112 dives
919 3068 944 3112 et
967 3059 1114 3127 eloquentia
1136 3059 1220 3111 clarus
1243 3060 1316 3111 nulli

196 3176 319 3225 umquam
338 3157 385 3209 sub
403 3157 507 3209 Nerone
526 3157 669 3223 periculum
681 3156 839 3208 facessaec’
854 3164 910 3221 etc,
924 3173 990 3223 quae
1006 3155 1086 3208 verba
1103 3155 1174 3207 omni
1192 3154 1317 3222 probabi-

194 3257 267 3308 litate
285 3255 317 3306 de
335 3262 436 3306 mortue
454 3254 523 3306 dieta
540 3260 632 3306 essent.
652 3253 704 3317 Qui
722 3253 879 3305 contrarium
898 3253 1036 3317 affirmant,
1054 3252 1123 3303 inter
1135 3252 1210 3319 plura
1224 3250 1316 3303 nitun-

195 3361 239 3405 tur
255 3352 318 3404 loeis
335 3352 402 3403 Plin.
421 3352 471 3419 Ep.
491 3351 533 3403 IX
553 3351 594 3408 19.
614 3352 637 3404 5.
658 3350 712 3417 „ita
729 3367 814 3402 secum
829 3349 967 3416 aliquando
981 3348 1103 3401 Cluvium
1117 3349 1231 3400 locutum
1245 3348 1315 3414 ‘scis,

196 3449 313 3517 Vergini,
331 3467 398 3516 quae
415 3449 537 3511 historiae
559 3448 624 3500 fides
645 3447 782 3500 debeatur:
805 3447 913 3514 proinde
935 3447 956 3498 si
979 3446 1042 3513 quid
1065 3445 1092 3496 in
1115 3445 1229 3497 historiis
1247 3446 1316 3497 meis

195 3547 259 3614 legis
277 3546 351 3598 aliter
369 3562 398 3596 ac
417 3545 487 3607 velis,
506 3562 568 3612 rogo
585 3544 718 3610 ignoscas’.
738 3543 780 3595 Ad
797 3543 846 3594 hoc
863 3543 907 3594 ille
926 3545 997 3595 ‘tune
1013 3542 1125 3608 ignoras,
1149 3540 1234 3606 Cluvi,
1252 3541 1316 3594 ideo

197 3661 239 3696 me
255 3643 344 3695 fecisse
362 3642 431 3708 quod
448 3641 505 3707 feei,
524 3649 553 3693 ut
571 3649 636 3693 esset
652 3639 763 3692 liberum
778 3639 850 3692 vobis
864 3640 973 3692 scribere
987 3656 1053 3706 quae
1066 3638 1225 3690 libuisset’l”
1240 3638 1313 3690 Plut.

198 3740 230 3792 Ο.
249 3741 273 3794 3.
293 3757 372 3807 supra
389 3740 405 3790 l.
425 3740 512 3806 Atque
530 3737 656 3805 equidem,
675 3737 735 3789 licet
753 3754 877 3789 summam
895 3737 933 3789 rei
951 3735 1091 3788 diiudicare
1109 3752 1160 3786 non
1184 3735 1275 3799 ausim,
1298 3753 1314 3787 e

197 3837 262 3888 libro
281 3836 313 3887 ab
331 3836 388 3902 ipso
406 3836 501 3903 scripto
519 3833 606 3887 Cluvii
624 3833 798 3886 testimonium
822 3834 930 3902 petitum
954 3850 1009 3886 esse
1034 3840 1104 3900 puto.
1131 3832 1215 3883 Aliter
1240 3831 1312 3884 enim

197 3933 351 3985 Plutarchus
370 3949 441 3984 more
458 3931 533 3984 solito
551 3930 602 3998 ἔφη
621 3932 663 3983 vel
681 3931 791 3999 διηγεῖτο
805 3931 952 3998 scripsisset.
967 3931 1088 3982 Ceterum
1101 3927 1258 3981 monendum
1272 3936 1312 3980 est

198 4047 324 4097 nusquam
349 4029 377 4080 in
402 4029 527 4081 Historiis
550 4027 672 4080 Cluvium
694 4029 791 4080 iontem
814 4046 830 4080 a
854 4028 945 4081 Tacito
973 4027 1109 4079 nominari.
1141 4025 1312 4094 Scripseritne

198 4128 231 4180 de
247 4128 288 4179 his
306 4125 463 4193 temporibus
482 4125 588 4177 Cluvius
606 4142 666 4192 ergo
684 4142 785 4193 semper
802 4124 830 4176 in
848 4125 926 4177 dubio
945 4125 1066 4177 manebit.
