3038 5190
880 500 923 566 32

343 689 454 757 11110.
468 691 541 757 ai.
554 691 576 757 f.
590 689 708 773 μηὸέν’
723 690 875 771 ὀλβίζειν,
890 693 966 773 πρὶν
979 691 1022 754 ἀν
1036 693 1141 774 τέρμα
1157 701 1224 756 τοῦ
1248 692 1337 774 βίου
1350 693 1468 775 περάσῃ
1509 682 1511 707 ’

341 803 449 885 μηὸὲν
464 803 620 887 ἀλγεινὸν
633 804 761 881 παθών,
776 807 888 894 potius
903 828 946 872 ex
964 806 1024 872 illo
1039 806 1113 873 loco
1129 807 1393 894 collegerimus
1407 814 1472 896 post

345 920 501 1005 Verginii
512 926 657 986 mortem
670 920 893 987 Plutarchum
904 922 998 987 hunc
1009 921 1395 1010 laboremaggressum
1403 944 1472 990 esse.

387 1035 561 1100 Postremo
578 1041 746 1122 quantum
758 1036 870 1103 valeat
885 1037 1031 1103 Nissenii
1046 1043 1309 1122 argumentum
1326 1039 1473 1127 inquira-

344 1171 429 1217 mus.
458 1152 578 1232 „Denn
598 1172 659 1217 aus
679 1151 739 1217 der
762 1151 827 1218 Art
842 1152 913 1218 und
934 1153 1054 1236 Weiss,
1072 1153 1108 1218 in
1128 1153 1289 1221 welcher
1310 1152 1471 1221 Plutarch

343 1265 556 1332 Lateinische
591 1267 707 1335 Worte
741 1266 882 1333 anfuhrt
913 1267 986 1334 und
1021 1266 1157 1350 11111111,
1196 1264 1362 1336 1111111111
1396 1290 1471 1335 man

343 1380 533 1466 gleichfalls
555 1381 620 1447 mit
642 1382 793 1448 anderen
816 1381 985 1449 Schriften
1008 1381 1209 1469 verglichen
1232 1382 1277 1449 in
1304 1385 1380 1451 den
1403 1406 1472 1453 vor·

343 1494 522 1580 liegenden
547 1495 866 1583 Anfangsproducte
889 1497 999 1562 seiner
1022 1490 1346 1565 Schriftstellerei.''
1379 1498 1470 1565 Atta·

342 1632 422 1676 men
440 1612 554 1678 statim
570 1610 749 1699 apparebit
764 1632 826 1676 nos
841 1611 898 1678 hic
914 1610 1110 1699 exemplum
1126 1612 1284 1678 Nissenii
1303 1615 1468 1681 audaciae

341 1725 476 1793 habere.
502 1726 652 1793 Omnino
672 1748 742 1792 non
765 1726 858 1792 enim
874 1727 1015 1794 Latinae
1030 1727 1166 1813 linguae
1184 1728 1345 1815 vestigia
1361 1730 1401 1795 in
1416 1729 1467 1794 his

341 1842 421 1909 vitis
443 1846 476 1906 et
498 1840 669 1928 parallelis
691 1841 780 1907 inter
803 1862 837 1906 se
860 1846 1036 1928 comparat
1060 1841 1119 1908 sed
1143 1842 1342 1909 nonnullos
1366 1843 1464 1924 locos,

342 1955 402 2022 ubi
425 1956 628 2023 Plutarchus
651 1954 803 2044 plurium
825 1955 1009 2023 verborum
1029 1957 1170 2023 circuitu
1193 1957 1338 2044 aliquid
1365 1979 1465 2046 expo

341 2071 402 2153 nit,
426 2077 459 2137 et
482 2092 609 2136 errores
632 2070 687 2138 vel
710 2071 822 2157 potius
845 2071 959 2136 minus
974 2076 1147 2138 accuratas
1166 2072 1383 2139 Latinorum
1409 2095 1464 2139 no·

342 2186 477 2251 minum
496 2185 791 2272 interpretationes
810 2190 945 2251 tantum
972 2185 1069 2251 affert
1092 2185 1258 2272 additque
1282 2188 1371 2254 satis
1395 2188 1464 2254 ido·

342 2322 444 2366 neam
467 2301 516 2366 111
539 2300 696 2366 militarie
717 2301 893 2366 Romanae
912 2301 1089 2368 scientiam
1110 2305 1266 2366 nostrum
1281 2302 1459 2369 deiecisse.

344 2417 427 2498 „Die
456 2417 572 2484 Worte
595 2415 745 2483 versteht
776 2414 938 2481 Plutarch
968 2437 1054 2501 ganz
1077 2415 1210 2501 richtig,
1243 2414 1330 2483 aber
1358 2418 1459 2483 ihren

341 2532 426 2598 Sinn
448 2530 701 2617 grundfalsch.”
721 2531 842 2597 Postea
856 2530 1032 2617 Sickinger
1052 2530 1328 2597 dissertationem
1348 2532 1458 2599 edidit

343 2647 405 2730 „de
421 2647 557 2732 linguae
577 2647 718 2713 Latinae
734 2647 827 2734 apud
846 2646 1069 2713 Plutarchum
1085 2651 1119 2712 et
1132 2645 1286 2733 reliquiis
1302 2653 1339 2714 et
1357 2648 1457 2717 vesti·

340 2763 435 2849 giis',
455 2784 559 2850 quam
580 2762 756 2850 perlegens
778 2761 1048 2849 haudquaquam
1071 2762 1228 2848 colligere
1251 2763 1353 2849 potui
1376 2762 1455 2829 Plu·

340 2877 449 2944 tarchi
475 2877 790 2964 interpretationem
812 2877 1013 2943 Latinorum
1036 2875 1219 2943 verborum
1242 2897 1326 2963 prae
1351 2877 1455 2945 versi-

341 3014 405 3059 one
421 2993 458 3058 in
481 2992 556 3059 aliis
575 2993 647 3058 eius
670 2992 803 3079 scriptis
821 2992 936 3058 minus
950 2997 1073 3079 aptam
1096 2990 1261 3058 11118111
1283 3013 1378 3079 pone
1394 3014 1455 3058 nu·

340 3131 474 3175 merum
490 3109 604 3174 minus
620 3113 790 3174 rectarum
801 3108 998 3174 versionum
1009 3107 1066 3173 hic
1081 3108 1246 3173 maiorem
1263 3128 1455 3195 essequam

340 3226 377 3291 in
401 3224 476 3290 aliis
498 3224 586 3305 vitis,
611 3223 695 3310 quid
717 3243 793 3288 eam
816 3243 889 3288 rem
913 3222 1088 3304 miramur,
1114 3243 1192 3288 cum
1216 3222 1307 3288 inter
1334 3244 1455 3289 omnes

343 3328 472 3406 constet
490 3337 676 3426 praecipue.
690 3337 728 3402 in
745 3336 874 3404 Galbae
893 3341 926 3402 et
949 3335 1095 3402 Othonis
1114 3336 1193 3404 vitis
1216 3336 1342 3403 Latino
1359 3338 1454 3404 fonte

338 3455 562 3522 Plutarchum
583 3475 684 3520 usum
704 3454 818 3519 esse?''
838 3451 1017 3518 Habemus
1032 3453 1113 3518 satis
1129 3457 1250 3518 notum
1267 3451 1386 3518 locum
1410 3455 1454 3523 V.

340 3564 1455 3649 11111111112.ὀψέποτεκαίπόρρωτῆςὴλικίαςήρξάμεθα

342 3683 530 3765 Ῥωμαϊκοϊς
552 3683 745 3765 γράμμασιν
771 3681 1002 3766 ἐντυγχάνειν,
1034 3703 1152 3748 omnes
1182 3682 1407 3750 consentiunt
1437 3706 1456 3751 1

340 3800 462 3865 Latino
484 3800 576 3865 fonte
596 3796 724 3864 Galbae
741 3803 774 3864 et
789 3796 934 3863 Othonis
953 3797 1040 3865 vitas
1055 3796 1240 3884 1111111111)
1256 3795 1312 3864 vel
1327 3797 1455 3866 Nissen

378 4064 403 4130 1)
423 4063 498 4115 Solus
511 4063 626 4115 11111111.
641 4061 889 4126 111111-(111111111111,’
897 4061 950 4113 ΙΠ.
960 4059 984 4112 2.
996 4077 1053 4127 pgg.
1064 4057 1213 4113 285-288.
1225 4059 1358 4144 Galbae'et
1369 4061 1455 4116 Otho-

343 4160 383 4213 nis
397 4161 464 4214 vitus
478 4177 492 4212 e
505 4160 604 4212 Graeco
617 4161 688 4212 fonte
701 4159 806 4211 haustas
819 4176 874 4211 esse
887 4158 1051 4211 existimavit.
