3038 5190
733 496 777 561 44

195 695 311 756 menta
338 694 426 769 sunt,
454 687 496 754 de
525 686 650 775 quibus
672 688 741 754 iam
765 693 866 755 antea
887 688 1018 755 affatim
1042 687 1237 754 dissertum
1260 694 1312 754 est.

238 810 356 875 Restat
383 805 488 892 igitur
514 811 553 871 nt
582 811 692 871 totum
720 805 895 873 Plutarchi
926 805 1136 872 narrationis
1162 811 1311 872 tenorem

194 946 273 991 cum
296 923 405 990 Taciti
428 921 589 987 Historiis
611 926 766 988 accurate
783 942 1019 1008 comparemus
1037 927 1144 1008 atque
1166 921 1313 1008 inquira-

194 1061 270 1105 mus
300 1060 396 1119 num,
427 1036 596 1103 Historias
618 1035 656 1101 in
679 1057 745 1110 suo¹
767 1056 868 1123 opere
892 1036 1070 1102 condendo
1094 1036 1140 1103 ad
1167 1057 1310 1103 manum

193 1153 334 1235 habens,
364 1152 453 1220 vitas
478 1151 579 1217 hasce
610 1150 757 1217 scribere
788 1151 936 1238 potuerit
970 1150 1182 1239 qualemque
1217 1152 1310 1218 ratio

194 1291 273 1335 nem
297 1268 334 1333 in
358 1288 397 1333 eo
420 1271 554 1332 secutus
584 1266 637 1332 sit.
669 1265 788 1332 Talem
819 1265 1077 1352 inquisitionem
1111 1266 1246 1349 Lezius,
1275 1272 1308 1332 ut

193 1383 355 1464 vidimus,
379 1382 537 1464 instituit,
559 1383 618 1469 qui
637 1382 814 1469 utriusque
833 1380 939 1449 verba
958 1381 1148 1468 exscripsit,
1171 1381 1310 1468 diligen·

193 1504 244 1565 ter
275 1498 441 1585 pensavit.
466 1497 685 1584 Quamquam
708 1519 780 1563 non
803 1497 841 1562 in
864 1495 1023 1562 omnibus
1040 1517 1121 1562 cum
1141 1517 1184 1562 eo
1205 1497 1308 1563 facere

192 1635 331 1702 possum
356 1612 600 1700 nonnullisque
619 1613 701 1679 locis
726 1612 990 1699 discrepantiam
1013 1611 1113 1678 aliter
1137 1613 1307 1701 explicare

194 1728 325 1811 malim,
353 1749 490 1794 summa
516 1727 762 1794 dissertationis
788 1727 876 1793 mihi
898 1726 999 1795 valde
1022 1727 1187 1793 satisfecit
1213 1727 1308 1794 stabi-

194 1847 338 1935 livitqne
353 1869 474 1914 meam
497 1847 710 1934 opinionem:
737 1847 879 1913 omnino
902 1867 973 1912 non
995 1846 1155 1913 Tacitum
1181 1847 1308 1914 Plutar-

194 1964 251 2030 chi
274 1968 447 2029 auctorem
470 1962 573 2028 fuisse
596 1962 713 2047 negari
737 1982 844 2049 posse.

237 2079 267 2145 Ε
290 2079 380 2144 Lezii
400 2078 689 2145 commentatione
714 2082 857 2165 apparet
874 2076 1110 2158 Plutarchum,
1126 2076 1209 2144 lieet
1223 2077 1307 2144 mul·

193 2194 237 2260 tis
259 2193 342 2260 locis
361 2193 518 2260 Tacitum
541 2192 586 2260 ad
604 2192 749 2260 verbum
770 2191 985 2279 exscripserit
1006 2190 1227 2279 eundemque
1240 2193 1306 2258 fere

193 2329 308 2374 rerum
323 2308 480 2374 ordinem
497 2307 692 2390 servaverit,
709 2308 886 2394 complura
902 2328 961 2372 suo
977 2306 1116 2394 proprio
1136 2305 1306 2373 scribendi

192 2444 316 2509 genere
339 2444 485 2504 ornasse,
504 2422 679 2488 interdum
703 2444 763 2489 suo
780 2421 919 2488 arbitrio
942 2442 1044 2487 usum
1067 2442 1149 2502 esse,
1173 2422 1305 2509 saepius

193 2537 430 2604 memorabilia
453 2538 494 2603 de
511 2559 571 2604 suo
587 2538 767 2604 addidisse.
787 2536 900 2623 Atque
916 2535 1069 2622 primum
1088 2535 1131 2601 de
1150 2536 1204 2618 iis,
1221 2557 1305 2623 quae

193 2674 214 2717 a
238 2652 355 2719 Tacito
379 2653 528 2740 profecta
555 2658 644 2734 sunt,
672 2653 845 2733 disseram,
868 2656 907 2717 ut
929 2650 1052 2716 deinde
1075 2649 1120 2717 ad
1144 2671 1195 2734 ea,
1220 2671 1304 2738 quae

193 2766 333 2833 aliunde
356 2771 430 2834 orta
446 2767 525 2850 sint,
544 2789 605 2854 me,
616 2768 797 2834 conferam.
815 2765 961 2832 Difficile
981 2770 1031 2831 est
1048 2766 1196 2831 interea
1220 2785 1304 2853 quae

193 2882 310 2949 Tacito
330 2882 497 2948 debentur
520 2905 559 2949 ac
583 2904 670 2969 quae
694 2904 736 2948 ex
759 2882 826 2948 alio
847 2882 941 2948 fonte
963 2880 1077 2947 hausit
1100 2879 1305 2946 Plutarchus

193 3003 300 3064 certos
319 2998 403 3064 fines
427 2999 640 3065 constituere.
665 2998 816 3066 Diversis
839 2997 922 3063 locis
945 2997 1038 3062 enim
1060 2996 1235 3062 incertum
1257 2997 1304 3064 vi·

193 3113 293 3179 detur
315 3119 432 3180 utrum
454 3113 669 3195 Plutarchus,
694 3134 780 3200 quae
808 3112 900 3199 apud
923 3112 1080 3178 Tacitum
1105 3111 1303 3193 invenisset,

192 3228 424 3296 retractaverit
447 3234 549 3315 atque
568 3227 839 3315 amplificaverit,
862 3226 1030 3294 analium
1053 3232 1229 3292 auctorem
1248 3227 1304 3293 ad·

192 3341 352 3424 hibuerit,
384 3343 453 3430 qui,
484 3348 522 3409 ut
551 3344 670 3409 Leuius
693 3343 719 3430 1)
749 3342 835 3423 vult,
866 3342 923 3407 hic
953 3341 1024 3407 illic
1051 3341 1154 3406 etiam
1185 3341 1303 3408 Tacito

192 3459 267 3522 fons
289 3458 400 3524 fuerit.
425 3458 524 3537 Quod
547 3458 591 3524 ad
615 3459 726 3545 operis
749 3463 891 3545 partem,
916 3477 1002 3544 quae
1026 3477 1047 3522 a
1076 3456 1193 3522 Tacito
1218 3456 1304 3522 deri·

191 3572 266 3639 vari
288 3577 408 3659 potest,
428 3573 577 3641 diversas
593 3573 733 3661 praebet
748 3572 990 3661 explicationes
1006 3571 1134 3652 Lezius,
1155 3592 1303 3658 quarum

192 3686 357 3752 nimirum
381 3687 573 3774 complures
595 3709 717 3775 parurn
747 3687 904 3753 Tacitum
929 3684 1105 3752 Plutarchi
1128 3690 1303 3752 auctorem

191 3800 293 3867 fuisse
320 3801 566 3885 demonstrant,
593 3803 651 3868 sed
674 3802 724 3868 nil
747 3802 813 3867 nisi
836 3791 1042 3868 necessariae
1065 3798 1243 3866 Plutarchi
1265 3800 1303 3865 in

192 3936 292 4002 opere
316 3916 494 3982 condendo
517 3917 659 3983 rationis
688 3917 946 4004 explanationes
968 3920 1057 3996 sunt,
1082 3936 1180 4002 quae,
1203 3915 1302 3981 dum-

228 4169 253 4237 1)
271 4170 288 4222 l.
302 4171 319 4222 l.
334 4188 376 4238 pg.
392 4172 443 4224 174
457 4174 575 4240 exempla
588 4181 728 4226 enumerat.
