3038 5190
888 501 930 567 18

354 715 457 780 quam
479 691 683 758 Plutarchus
705 696 738 758 et
768 692 905 758 Tacitus
926 693 996 759 fere
1023 692 1139 758 omnia
1163 713 1204 758 ex
1229 693 1364 760 eodem
1389 695 1480 761 fonte

354 807 652 895 deprompsissent,
676 806 785 872 reiicit
803 827 866 872 nec
884 807 955 872 ullo
974 807 1073 873 firmo
1096 814 1302 893 argumento
1328 809 1482 874 Momm·

354 922 488 988 senium
511 927 613 1009 atque
636 921 833 987 Nissenium
849 921 913 987 niti
933 922 1089 988 affirmat.

397 1038 514 1103 Latius
526 1037 668 1103 Knauss
681 1035 829 1101 Olasonii
842 1036 1046 1102 sententiam
1059 1036 1194 1105 evolvit.
1208 1036 1329 1124 Atque
1343 1043 1480 1104 utrum-

355 1174 420 1239 que
448 1153 594 1218 cundem
624 1152 755 1217 iontem
781 1150 978 1217 adhibuisse
1003 1152 1175 1218 existimat
1203 1150 1247 1217 ob
1281 1173 1367 1219 eam
1405 1175 1478 1219 rem

353 1269 468 1334 minus
495 1266 671 1354 probabile
694 1287 774 1349 esse,
801 1267 913 1354 „quod
936 1267 1038 1333 unius
1062 1266 1234 1354 scriptoris
1257 1266 1354 1333 libro
1381 1274 1479 1335 tanta

354 1405 468 1450 rerum
499 1383 641 1450 materia
671 1382 858 1470 composita
887 1383 990 1448 fuisse
1021 1383 1149 1470 nequit,
1183 1404 1270 1470 quae
1295 1388 1331 1449 et
1356 1406 1476 1450 rerum

351 1501 585 1566 Romanarum
620 1498 774 1585 scriptori
804 1503 837 1564 et
866 1498 1016 1565 vitarum
1047 1497 1258 1585 singularum
1296 1499 1477 1566 narratori

351 1614 527 1695 sufficeret,
550 1618 625 1679 tum
648 1634 689 1678 ex
709 1612 792 1699 ipsis
806 1612 915 1678 Taciti
931 1612 1081 1678 historiis
1099 1611 1303 1698 intelligitur
1318 1613 1423 1680 hunc
1438 1615 1475 1678 in

351 1716 447 1795 libris
471 1729 539 1794 suis
565 1728 753 1795 scribendis
775 1727 926 1814 plurium
954 1728 1152 1794 auctoritate
1177 1749 1279 1793 usum
1308 1731 1421 1796 esse.”
1450 1731 1475 1816 1)

351 1845 450 1924 Quod
465 1850 504 1910 ut
526 1842 732 1931 comprobet,
754 1842 873 1909 laudat
895 1843 972 1909 Tac.
994 1842 1039 1909 H.
1056 1843 1101 1909 ΙΙ.
1119 1843 1170 1910 37.
1190 1843 1360 1925 „Invenio
1378 1846 1474 1933 apud

351 1959 516 2047 quosdam
539 1958 723 2040 auctores,'’
746 1958 800 2023 III
823 1956 875 2039 25,
900 1958 951 2040 28,
972 1957 1031 2024 ubi
1047 1957 1204 2024 Messalla
1220 1962 1253 2023 et
1268 1957 1412 2026 Plinius
1428 1962 1473 2027 ci-

351 2081 477 2157 tantur,
501 2073 565 2139 ΠΙ.
583 2073 635 2139 51.
655 2058 919 2154 „Celeberrimos
941 2077 1093 2138 auctores
1108 2072 1251 2154 habeo,''
1266 2075 1365 2141 uude
1383 2076 1473 2142 dilu-

351 2191 425 2257 cide
447 2194 626 2277 appareret
645 2171 735 2254 eum
765 2188 956 2254 multorum
976 2188 1178 2274 scriptorum
1201 2187 1307 2254 libros
1330 2195 1368 2256 et
1393 2193 1472 2258 uni·

350 2327 525 2373 versarum
555 2325 670 2370 rerum
698 2307 869 2390 gestarum
899 2302 1017 2389 populi
1047 2303 1196 2369 Romani
1226 2304 1372 2371 annales
1405 2313 1469 2376 oto.

350 2419 541 2507 perlegisse.
574 2418 706 2484 Deinde
737 2417 902 2504 exemplis
934 2416 1135 2483 confirmare
1166 2422 1309 2483 conatur
1329 2419 1471 2488 Plutar-

351 2536 455 2601 chum
485 2534 642 2601 Tacitum
673 2537 826 2598 secutum
856 2553 936 2614 esse,
966 2531 1014 2598 ita
1044 2553 1134 2614 vem,
1163 2537 1201 2599 ut
1223 2537 1360 2619 praeter
1386 2557 1469 2602 eum

350 2650 454 2716 etiam
484 2649 629 2715 aliorum
659 2647 763 2713 libros
793 2647 975 2734 inspiceret
1004 2650 1037 2712 et
1068 2646 1273 2732 quibusdam
1303 2648 1391 2715 locis
1416 2673 1467 2733 ea,

350 2785 437 2851 quae
460 2763 552 2850 apud
574 2763 731 2829 Tacitum
752 2762 890 2829 brevius
909 2761 1001 2828 dicta
1020 2761 1075 2828 vel
1098 2762 1222 2827 omissa
1244 2762 1389 2847 videret,
1406 2773 1470 2836 aut

352 2879 576 2966 amplificaret
610 2884 668 2944 aut
698 2878 831 2943 idoneis
861 2877 943 2943 locis
972 2877 1161 2943 inserendis
1190 2878 1364 2964 suppleret
1396 2875 1497 2970 (ng

350 2996 392 3082 6).
413 2995 506 3073 Quae
524 2993 761 3080 supplementa
779 2992 938 3059 bifariam
959 2991 1084 3059 dividit
1104 2998 1222 3080 utpote
1245 3015 1342 3080 quae,
1367 2998 1468 3065 velut

348 3131 529 3179 versusex
553 3109 704 3175 Homero
728 3113 760 3174 et
784 3107 991 3173 Archilocho
1015 3107 1067 3194 (G.
1093 3109 1144 3190 19,
1166 3108 1230 3196 27.)
1246 3108 1289 3174 ab
1309 3109 1370 3176 illo
1388 3113 1467 3200 ipso

349 3224 493 3312 repetiti,
525 3223 630 3310 ipsius
661 3222 904 3305 additamenta,
937 3227 970 3288 et
1000 3244 1086 3314 quae
1116 3228 1275 3310 excerpta
1305 3245 1348 3290 ex
1386 3227 1467 3295 aliis

349 3337 445 3404 libris
469 3341 587 3404 essent.
612 3336 703 3402 Huic
725 3335 833 3402 libelli
860 3336 948 3422 parti
977 3336 1082 3403 finem
1105 3337 1286 3424 imponens
1310 3338 1468 3410 declarat

349 3476 404 3541 pg.
436 3454 494 3519 24:
528 3451 710 3535 „Probasse
740 3451 868 3533 videor,
898 3451 1122 3518 Plutarchum
1152 3452 1191 3517 in
1218 3453 1297 3519 vitis
1330 3454 1467 3526 Galbae

350 3568 563 3655 Othonisque
586 3566 834 3653 perscribendis
856 3567 1009 3633 maxima
1036 3589 1077 3632 ex
1101 3572 1196 3654 parte
1220 3567 1327 3634 Taciti
1357 3569 1468 3641 histo-

349 3683 417 3748 rias
438 3695 509 3748 'esse
533 3686 695 3747 secutum.
719 3682 790 3747 Nec
812 3682 927 3748 minus
950 3686 1091 3768 apparet
1115 3703 1193 3748 eum
1209 3684 1341 3768 praeter
1364 3687 1470 3776 nobi·¹

349 3796 519 3862 lissimum
549 3816 650 3861 suum
682 3801 855 3862 auctorem
884 3796 987 3862 etiam
1018 3795 1102 3862 alios
1131 3795 1246 3878 libros
1269 3818 1311 3862 ex
1335 3801 1468 3885 quibus

350 3933 435 3998 opus
458 3933 557 3976 suum
580 3917 727 3996 augeret,
751 3911 940 3999 perlegisse.
964 3912 1059 3977 Inter
1081 3932 1164 3998 quos
1183 3912 1297 4005 Plinii,
1319 3913 1468 3985 fortasse

351 4027 454 4093 etiam
477 4026 589 4094 Cluvii
611 4027 692 4092 Rufi
714 4026 873 4093 historias
895 4027 997 4093 fuisse
1020 4026 1180 4093 credibile
1202 4028 1282 4094 est.''

389 4170 414 4236 1)
434 4168 472 4219 Of.
492 4169 511 4226 1,
528 4169 544 4220 1.
566 4187 624 4236 pgg.
643 4168 659 4221 2
679 4187 734 4236 sqq.
