3038 5190
594 539 658 606 105

63 737 151 806 vult.
176 738 251 816 Quo
274 736 376 801 modo
400 734 493 801 enim
513 733 678 800 convivae
697 753 758 818 per
780 729 905 795 milites
927 729 1042 812 fugere
1063 730 1179 812 potue·

64 857 157 934 runt,
184 852 212 917 si
233 848 308 913 καθ’
330 848 450 930 ἑτέρας
469 846 578 929 θύρας
597 845 728 913 dimissi
747 849 827 910 sunt
850 848 883 909 et
905 841 1030 908 deinde
1054 839 1181 906 milites

63 967 294 1057 irrumpentes
311 968 480 1051 quaerunt
496 963 528 1024 τί
544 960 726 1043 γεγόνασιν
747 961 779 1022 οἱ
802 956 977 1037 Καίσαρος
997 953 1178 1037 solomon?

14 1135 17 1138 .
103 1082 214 1149 vRecte
231 1079 383 1146 Sintenis
405 1075 458 1139 ὁιά
479 1082 674 1164 suspectum
697 1075 827 1142 habuit.
848 1072 1028 1160 Proposuit
1049 1075 1175 1145 autem:

21 1219 24 1222 ’
64 1193 130 1276 βία.
152 1194 321 1282 Equidem
336 1193 456 1259 malim
477 1189 531 1253 ὁιά
552 1192 673 1258 delere.
690 1189 921 1258 Herwerdeno
938 1185 1178 1272 corrigendum

64 1309 216 1376 videtur:
238 1310 293 1370 καὶ
303 1306 423 1389 μικρὸν
437 1304 593 1388 ἔφθησαν
606 1304 870 1387 ὑπεκφυγόντες,
891 1301 963 1384 ἦὸη
983 1309 1052 1364 τῶν
1063 1298 1178 1380 μισθο-

65 1424 188 1506 φόρων
209 1422 415 1503 ὠθουμένων
435 1424 486 1503 εἰς
505 1421 565 1485 τὸν
586 1419 746 1502 ἀνὸρῶνα
766 1418 834 1481 κτὲ.

112 1656 210 1736 Gap.
234 1658 271 1724 4.

71 1846 72 1850 Ἰ
107 1768 178 1852 Ὑφ’
201 1766 250 1832 ὠν
269 1769 490 1851 ἐπαιρόμενος
510 1767 667 1851 ἔγραφεν
687 1768 743 1856 (εει
769 1767 872 1855 Otho)
898 1763 1079 1845 Οὐϊτελλίῳ
1098 1783 1178 1844 τιαρ.

62 1895 171 1950 ἀινῶν
192 1864 457 1969 στρατιωτικὰ
478 1895 628 1967 φρονεῖν,
643 1884 691 1964 ὡς
704 1884 860 1965 χρήματα
880 1879 990 1943 πολλὰ
1004 1879 1178 1958 ὁώσοντος

66 2002 172 2064 αὐτοῦ
201 2002 256 2064 καὶ
284 2000 390 2076 πόλιν,
419 2002 459 2064 ἐν
486 1996 507 2082 ᾗ
533 1998 691 2080 βιώσεται
717 1998 845 2080 ῥᾷστον
867 1997 922 2059 καὶ
942 1993 1080 2076 ῆὸιοτον
1103 1993 1179 2075 βίον
1266 2019 1269 2024 ·

63 2114 141 2195 μεθ’
163 2116 310 2198 novatae·
419 2139 422 2144 ’
1068 2185 1070 2188 .

65 2256 67 2260 ·
109 2231 203 2297 Illud
238 2229 458 2311 στρατιωτικὰ
488 2237 629 2310 φρονεῖν
656 2227 885 2315 suspicionem
919 2230 1043 2293 movet.
1080 2224 1175 2290 Ocni.

62 2345 207 2412 Reiske:
249 2344 469 2426 στρατιωτικὰ
499 2344 545 2426 μὴ
574 2353 714 2426 φρονεῖν
751 2343 806 2411 vel
845 2340 993 2423 εἰρηνικὰ
1028 2349 1177 2422 φρονεῖν,

67 2460 227 2527 Solanus:
261 2459 461 2522 occemund
488 2460 534 2541 μὴ
566 2467 715 2540 φρονεῖν.
750 2458 925 2524 Schaefer:
961 2455 1177 2538 στρατηγικά,

65 2576 101 2641 h.
130 2596 157 2642 e.
189 2591 275 2662 quac
307 2575 464 2641 decerent
488 2581 741 2655 στρατηγοῦντα
761 2580 809 2652 τῷ
831 2571 1062 2652 αὐτοκράτορι.
1083 2570 1179 2638 Atta·

57 2713 146 2757 ·men
161 2690 286 2756 harum
302 2691 549 2756 correctionum
565 2689 661 2756 nulla
676 2690 763 2754 mihi
780 2689 915 2755 arridet.
934 2688 1065 2775 Opinor
1078 2685 1178 2749 ῖὸιω-

65 2805 152 2869 τικά
174 2806 342 2872 sententia
356 2806 530 2892 postulari.
548 2805 638 2872 Otho
662 2806 755 2871 enim
771 2804 910 2872 Vitellio
931 2803 1113 2891 pecuniam
1131 2809 1178 2869 at·

66 2942 132 3008 que
148 2920 216 2987 alia
238 2920 328 2989 vitae
351 2920 599 3002 blandimenta,
623 2920 747 3007 quibus
769 2919 940 3007 imprimis
955 2919 1088 3006 privato
1110 2919 1178 2984 frui

64 3035 174 3117 liceat,
198 3035 367 3128 offerebat.
389 3037 503 3103 Etiam
522 3041 639 3122 postea
654 3034 738 3102 tales
755 3034 972 3101 condiciones
988 3055 1178 3100 memoran-

63 3157 130 3217 tur.
154 3152 192 3217 T.
212 3152 257 3217 H.
281 3151 345 3217 ΠΙ.
364 3152 415 3217 63.
439 3151 536 3233 „Non
559 3152 702 3218 omisere
720 3151 858 3216 Primus
876 3172 915 3216 ac
931 3150 1042 3218 Varus
1065 3188 1109 3198 -
1129 3170 1179 3215 sa·

63 3266 172 3332 lutem
196 3271 229 3332 et
247 3265 429 3353 pecuniam
450 3271 482 3332 et
505 3272 632 3333 secreta
656 3266 864 3353 Campaniae
887 3266 1027 3335 Vitellio
1046 3266 1176 3347 offerre,

63 3382 92 3447 si
117 3381 234 3468 positis
257 3382 361 3448 armis
383 3403 486 3469 seque
508 3403 548 3448 ac
570 3382 694 3449 liberos
716 3403 793 3447 suos
817 3382 1026 3469 Vespasiano
1054 3381 1178 3468 permi-

64 3496 170 3561 sisset.
190 3496 233 3561 In
255 3496 403 3562 eundem
423 3497 566 3563 modum
586 3502 619 3563 et
638 3497 818 3564 Mucianus
841 3497 1031 3583 composuit
1053 3497 1177 3583 epistu-

62 3610 147 3676 las.''
172 3611 223 3676 66.
248 3610 368 3677 dicunt
389 3611 501 3694 amici,
524 3611 664 3679 Vitellio
695 3611 929 3678 dissuadentes
951 3633 994 3677 ne
1022 3633 1077 3677 eas
1100 3633 1179 3677 con-

63 3725 216 3791 diciones
239 3726 393 3812 accipiat,
420 3749 503 3808 „nec
520 3732 653 3794 tantam
676 3727 886 3813 Vespasiano
910 3727 1115 3813 superbiam,
1139 3732 1178 3793 ut

62 3840 289 3926 privatum
313 3840 491 3908 Vitellium
514 3843 716 3928 pateretur.''
852 3877 855 3884 ·

63 4114 66 4118 ·
109 4084 227 4170 Neque
249 4084 286 4148 in
308 4084 463 4170 proxime
487 4085 707 4172 sequentibus
729 4107 811 4154 sana
833 4087 995 4155 videntur
1017 4087 1139 4155 verba:

65 4197 225 4281 Ἀσωτὶας
242 4197 310 4280 γὰρ
330 4200 385 4261 καὶ
402 4197 569 4281 μαλακίας
592 4203 647 4264 καὶ
667 4201 816 4284 ἀπειρίας
836 4200 994 4282 πολέμων
1014 4205 1078 4266 καὶ
1098 4211 1177 4267 τῶν
