3038 5190
728 536 771 601 52

192 729 242 814 (Τ.
271 728 315 793 H.
349 727 374 792 Ι.
407 728 450 813 4),
479 726 574 793 brevi
604 725 767 812 temporis
798 725 907 811 spatio
938 731 1005 789 tres
1037 724 1201 789 Caesares
1243 745 1326 809 pro-

194 841 340 923 dierunt,
367 858 447 907 mox
472 841 639 922 abierunt,
669 841 778 906 donec
807 839 1097 906 duliae-Claudiae
1125 839 1245 924 gentis
1269 839 1325 903 he·

193 958 372 1023 reditatem
404 956 525 1024 Flavia
563 956 686 1021 domus
712 956 806 1022 adiit.
831 956 984 1020 Profecto
1009 954 1127 1019 omnia
1151 954 1243 1019 haec
1275 975 1325 1016 su-

193 1072 389 1160 perstitibus
423 1073 460 1137 in
496 1073 662 1138 memoria
699 1076 938 1136 remanserunt
968 1076 1070 1155 atque
1101 1068 1322 1148 Plutarchus,

193 1189 231 1253 in
251 1189 351 1254 Italia
382 1209 607 1266 commorans,
640 1187 759 1273 procul
797 1185 903 1251 dubio
939 1184 1047 1270 multa
1078 1183 1322 1250 memorabilia

194 1304 354 1389 cognovit
373 1301 598 1389 lubenterque
632 1302 768 1388 recepit.
806 1300 920 1387 Atque
951 1323 1028 1365 eum
1053 1292 1152 1365 ‘hanc
1185 1299 1319 1384 copiam

194 1416 483 1498 memorabilium,
497 1416 669 1482 audiendo
682 1438 742 1481 seu
754 1415 905 1481 ridendo
919 1421 1208 1502 comparatorum,
1227 1413 1322 1500 operi

194 1555 255 1599 suo
279 1533 489 1619 impendisse
517 1554 577 1618 per
601 1533 728 1598 seiam
753 1538 988 1618 exspectamus
1011 1551 1075 1594 nec
1099 1530 1227 1595 desunt
1251 1551 1321 1595 res·

116 1714 118 1719 .
194 1647 287 1734 tigia.
704 1649 706 1653 ⁴

240 1763 377 1828 Praeter
400 1761 500 1842 locos,
522 1760 581 1826 ubi
605 1761 727 1826 diserte
746 1761 782 1826 id
803 1762 961 1841 affirmat,
982 1760 1071 1825 inter
1090 1759 1158 1825 alia
1179 1758 1322 1823 afferen-

197 1878 241 1943 da
261 1883 340 1943 sunt
359 1899 408 1958 ea,
433 1898 519 1963 quae
538 1876 576 1942 O.
602 1875 622 1941 5
645 1876 758 1957 tradit,
777 1876 949 1943 Othonem
965 1875 1046 1940 inde
1061 1874 1105 1940 ab
1120 1873 1223 1938 initio
1240 1872 1321 1938 belli

197 1992 342 2058 Brixelli
361 1992 572 2058 remansisse.
598 1991 637 2057 Ο.
664 1993 684 2057 9
708 1992 800 2078 prior
817 2014 909 2079 pars:
934 1990 1043 2053 Αἰτίαι
1058 1988 1097 2050 δὲ
1111 1987 1271 2068 πλείονες
1287 2028 1317 2035 -

197 2106 469 2188 ἀναρπασόμενοι
484 2106 564 2185 τοὺς
579 2106 762 2186 ἐναντίους,
792 2107 852 2174 ubi
877 2108 990 2193 agitur
1012 2106 1054 2171 de
1079 2104 1189 2170 causis
1216 2104 1320 2170 Otho·

182 2223 249 2290 nis
273 2222 406 2289 consilii
426 2222 632 2288 decertandi.
658 2224 772 2289 Etiam
799 2223 837 2287 in
864 2223 1047 2309 posteriore
1076 2221 1200 2307 capitis
1224 2227 1319 2305 parte

194 2337 343 2424 colloqui
370 2359 448 2402 cum
476 2337 577 2405 Floro
612 2339 755 2424 vestigia
786 2358 961 2403 occurrere
992 2336 1153 2422 suspicor.
1188 2334 1228 2400 Ο.
1261 2337 1314 2400 13:

195 2452 304 2517 multa
327 2451 444 2532 exiis,
473 2473 559 2537 quae
586 2458 700 2517 noster
723 2459 859 2518 tantum
883 2452 924 2517 de
949 2452 1077 2517 ducum
1106 2449 1321 2516 Othoniano-

196 2589 274 2632 rum
305 2566 478 2632 deditione
501 2566 614 2632 tradit.
647 2567 686 2633 O.
713 2569 769 2632 16:
800 2567 958 2647 Litterae,
990 2564 1115 2652 quibus
1146 2570 1322 2657 senatores

196 2683 301 2748 tutius
333 2681 475 2746 domum
511 2681 671 2763 redirent,
706 2682 751 2749 ad
782 2682 884 2747 urbes
915 2682 1024 2747 datae.
1054 2680 1093 2746 Ο.
1122 2679 1179 2746 17:
1217 2680 1322 2745 Mane

199 2797 289 2864 Otho
313 2796 475 2863 libertum
507 2803 723 2883 percontatus
746 2799 879 2863 faetane
903 2803 1024 2877 essent,
1049 2816 1136 2881 quae
1162 2794 1204 2859 de
1225 2816 1321 2859 sena·

197 2913 328 2979 toribus
349 2913 508 2979 iussisset.

242 3030 288 3094 40.
313 3029 411 3095 Unus
430 3028 485 3095 vel
505 3029 621 3115 plures
639 3030 749 3094 fontes
769 3029 895 3115 scripti.
919 3028 1022 3093 quta
1041 3025 1199 3092 Tacitum
1226 3026 1320 3091 enim

198 3144 305 3210 alium
328 3151 501 3210 auctorem
524 3145 747 3210 Plutarchum
770 3145 959 3232 inspexisse
982 3143 1106 3208 docent
1128 3141 1205 3221 loci,
1227 3141 1320 3228 apud

199 3261 356 3326 Tacitum
381 3283 451 3325 non
474 3266 697 3341 occurrentes,
731 3261 847 3347 quales
880 3261 919 3327 G.
946 3261 998 3325 21:
1022 3256 1222 3319 Ὄθωνα...
1245 3276 1321 3318 πεν-

201 3372 414 3456 τακισχιλίων
430 3374 605 3455 μυριάδων
626 3373 796 3457 ὀφλήμασι
813 3373 1089 3455 βεβαπτισμένον.
1113 3370 1152 3436 G.
1180 3372 1237 3436 28:
1264 3372 1321 3437 Vi-

200 3492 250 3557 nii
274 3498 376 3578 caput
405 3499 445 3572 τῇ
466 3489 607 3573 θυγατρὶ
631 3489 806 3572 ’δισχιλίων
826 3492 881 3552 ναὶ
901 3494 1133 3555 πεντακοσίων
1156 3492 1320 3576 δραχμῶν

202 3603 378 3666 ἀπέδοντο.
402 3605 440 3672 Ο.
466 3608 499 3671 3;
524 3607 578 3667 ναὶ
598 3604 780 3684 ποδόμενοι
803 3603 879 3685 παρ’
904 3605 995 3684 αὐτῷ
1024 3603 1170 3670 δειπνιεῖν
1196 3607 1320 3694 ὀγδοή-

201 3741 305 3784 νοντα
331 3719 580 3802 συγκλητικούς.
620 3721 753 3799 Quibus
788 3720 948 3786 omnibus
982 3722 1064 3787 locis
1102 3746 1271 3790 numerus
1304 3747 1324 3790 a

202 3837 385 3902 Plutarcho
409 3836 479 3903 solo
503 3837 648 3903 traditus
668 3858 746 3901 eum
769 3836 876 3902 alium
898 3836 1040 3923 insuper
1063 3840 1230 3925 scriptum
1244 3821 1324 3906 'fon-

200 3956 269 4016 tem
302 3951 498 4017 adhibuisse
531 3951 689 4031 declarat.
726 3952 765 4016 G.
799 3953 855 4015 23:
888 3951 1081 4017 Nonnullos
1103 3954 1140 4018 in
1164 3954 1323 4040 eligendo

205 4087 393 4132 successore
417 4066 552 4133 Galbae‘
570 4065 768 4132 Dolabellae
790 4066 923 4131 favisse.
956 4067 999 4137 G..
1017 4069 1071 4132 28:
1099 4054 1230 4135 Galbae
1255 4092 1325 4136 cor-

202 4201 266 4265 pus
290 4181 494 4247 Helvidium
518 4182 672 4246 Priscum
688 4181 871 4246 sustulisse.
897 4180 935 4245 Ο.
958 4183 1013 4246 10:
1038 4184 1189 4248 narratio
1206 4185 1250 4250 de
1266 4207 1325 4250 na·
