3038 5190
617 554 658 621 27

80 749 199 831 cimur,
228 749 391 836 quoniam
421 747 530 814 Taciti
561 746 685 833 scripta
714 746 759 812 ad
790 748 1060 833 comparandum
1090 749 1190 816 nobis

78 870 211 950 praesto
248 868 326 928 sunt
356 884 467 950 neque
498 862 650 948 cogimur
678 861 872 948 quicunque
904 863 1051 929 creditur
1078 870 1190 930 aucto·

78 1001 152 1045 rem
182 978 383 1045 coniecturis
413 982 489 1064 post
519 976 727 1042 coniecturas
757 976 942 1060 vindicare,
973 984 1011 1044 ut
1041 979 1189 1066 denique

77 1093 173 1162 velut
195 1115 213 1159 e
238 1093 297 1158 filo
320 1113 444 1159 araneo
474 1078 526 1157 res
549 1091 666 1177 magni
696 1091 857 1178 ponderis
887 1113 1067 1179 suspensas
1089 1095 1189 1160 faeia-

77 1231 164 1276 mus.
184 1208 220 1274 si
242 1208 330 1274 mihi
353 1201 520 1293 contingit
538 1206 629 1272 hanc
648 1207 862 1289 sententiam,
879 1229 984 1295 quarn
1001 1208 1101 1274 multi
1121 1231 1189 1275 me·

77 1346 156 1391 oum
176 1322 329 1389 sentiunt
350 1343 467 1389 veram
487 1341 567 1402 esse,
592 1321 694 1386 etiam
710 1321 919 1406 argumentis
937 1321 1110 1388 intellectu
1126 1324 1190 1389 fre-

76 1440 120 1505 tis
143 1436 378 1526 comprobare
398 1459 468 1502 non
490 1437 616 1502 frustra
646 1437 778 1503 adhoc
802 1437 953 1503 studium
980 1459 1035 1504 me
1059 1439 1188 1506 contuli

76 1554 286 1641 aliquidque,
312 1558 352 1619 ut
378 1559 485 1640 spero,
511 1540 639 1634 adiuvi,
666 1557 705 1618 ut
727 1552 907 1639 paullatim
931 1554 1087 1619 omnium
1111 1576 1188 1620 con-

76 1691 178 1736 sensu
200 1669 337 1735 Tacitus
358 1668 534 1734 Plutarchi
557 1673 674 1734 auctor
697 1667 872 1734 habeatur.

122 1762 212 1850 Ante
231 1783 346 1850 omnia
366 1775 556 1851 asseverare
579 1782 684 1851 velim
699 1783 826 1848 multos
840 1783 934 1849 haud
954 1789 1042 1849 recte
1061 1806 1188 1851 munus

73 1898 197 1965 indi-cis
212 1898 249 1963 in
265 1899 331 1964 hac
347 1899 544 1986 quaestione
560 1898 767 1964 sustinuisse.
785 1898 908 1964 Statim
925 1899 1018 1965 enirn
1034 1900 1185 1987 aliquem

74 2035 294 2079 communem
316 2014 446 2080 fontem
470 2013 660 2099 excogitare
680 2013 802 2095 conati,
819 2011 917 2079 obliti
936 2019 1015 2079 sunt
1032 2021 1108 2081 tum
1132 2017 1187 2082 de-

74 2150 172 2192 murn
193 2127 294 2194 licere
324 2128 474 2214 aliquem
504 2150 724 2194 communem
752 2130 882 2194 iontem
912 2129 1127 2217 investigare,
1158 2132 1186 2197 si

74 2242 206 2308 affatim
234 2243 430 2330 apparuerit
458 2264 475 2309 e
505 2243 649 2330 scriptis,
681 2265 777 2330 quae,
809 2243 851 2310 de
884 2245 1004 2310 eodem
1034 2251 1186 2333 tempore
1235 2239 1237 2243 ’

74 2357 220 2444 agentia,
241 2357 421 2444 supersint,
436 2357 620 2424 Plutarcho
640 2359 776 2424 nullum
795 2360 924 2425 iontem
944 2360 1055 2426 fnisse.
1072 2360 1187 2427 Sueto·

75 2473 154 2538 nius
171 2474 272 2559 atque
286 2471 419 2539 Cassius
438 2461 503 2538 Dio
519 2472 678 2540 videlicet
692 2474 985 2561 praetermittendi
998 2481 1087 2559 sunt,
1105 2476 1188 2563 quoss

70 2610 152 2668 rum
177 2609 279 2675 opera
298 2593 375 2675 post
392 2587 568 2655 Plutarchi
586 2588 674 2656 vitas
698 2589 789 2655 edita
811 2590 880 2655 sint
899 2590 934 2678 1).
962 2590 1060 2656 Solus
1082 2591 1186 2678 igitur

72 2703 210 2769 Tacitus
240 2703 301 2770 tali
323 2703 569 2791 comparationi
593 2725 627 2769 se
654 2704 803 2790 praebet,
835 2706 1023 2772 dummodo
1055 2706 1184 2774 Galbae

72 2824 107 2884 et
131 2817 276 2885 Othonis
299 2819 386 2887 vitas
416 2825 492 2905 post
522 2818 691 2884 Historias
713 2819 821 2886 editas
843 2842 1021 2906 ponamus.
1046 2823 1096 2888 De
1119 2823 1184 2890 hao

71 2955 108 2999 re
136 2933 321 3021 ambigitur
347 2939 449 3021 atque
473 2934 637 3001 disertum
660 2934 828 3001 indicium
851 2937 892 3002 de
915 2941 1067 3024 tempore
1091 2939 1185 3005 Vita·

71 3070 150 3114 rnm
174 3049 332 3115 editionis
354 3055 487 3137 praesto
511 3072 581 3116 non
602 3055 659 3116 est.
685 3050 813 3117 Omnes
836 3052 1053 3119 consentiunt
1076 3054 1184 3120 Taciti

71 3164 242 3230 Historias
268 3165 323 3232 vel
347 3165 496 3252 priorem
518 3166 749 3232 Historiarum
777 3172 910 3253 partem
933 3169 959 3255 2)
993 3169 1114 3255 primis
1137 3192 1184 3235 se-

71 3280 177 3346 cundi
200 3303 232 3366 p.
255 3281 290 3346 0.
314 3302 348 3347 n.
369 3281 493 3347 saeculi
528 3282 628 3348 annis
662 3283 858 3369 apparuisse
881 3284 1031 3372 itemque
1054 3285 1185 3352 Plutar-

72 3394 178 3460 chum
202 3376 335 3461 circiter
349 3395 413 3463 120
433 3419 466 3483 p.
493 3396 527 3462 Ο.
550 3419 583 3463 n.
609 3395 739 3463 obiisse.
764 3399 864 3464 Ratio
887 3405 1080 3487 temporum
1105 3423 1183 3487 ergo
1233 3380 1235 3386 Ι

70 3531 143 3576 non
176 3509 288 3576 obstat
324 3511 409 3597 quin
443 3510 647 3577 Plutarchus
674 3513 791 3578 Tacito
821 3535 901 3580 usus
931 3515 983 3581 sit.
1020 3515 1182 3582 Attamen

70 3630 150 3692 sunt
174 3625 232 3713 qui
259 3630 381 3713 putent
399 3626 462 3692 has
484 3627 660 3693 Plutarchi
680 3628 768 3695 vitas
795 3630 847 3695 sui
870 3629 996 3696 laboris
1015 3631 1184 3717 primitias

106 3845 132 3911 1)
151 3844 224 3896 Inter
239 3862 333 3912 paucos
352 3845 381 3897 C.
400 3844 494 3898 Dionis
512 3853 538 3898 et
555 3847 688 3899 Plutarchi
705 3848 773 3901 locos
788 3849 928 3902 similitudo
946 3856 1036 3902 exstat.
1055 3850 1086 3902 cf.
1106 3849 1182 3900 Peter

67 3942 85 3992 l.
104 3941 122 3992 l.
141 3959 183 4010 pg.
203 3940 238 3995 28
256 3942 314 3994 adn.
334 3940 358 3994 2.
378 3942 482 3995 Talium
500 3943 614 3996 locorum
632 3962 756 3998 numerus
774 3948 844 4014 apud
862 3947 1014 4000 Suetonium
1033 3946 1116 3999 maior
1133 3953 1180 4010 est,

67 4051 132 4102 qnos
151 4044 310 4105 comparatos
327 4038 444 4092 invenies
462 4040 530 4108 apud
548 4042 654 4094 Petrum
674 4043 691 4094 l.
713 4044 730 4095 l.
752 4061 810 4111 pgg.
832 4045 950 4110 35-39;
968 4044 1106 4096 Hardium.
1127 4045 1145 4096 l.
1164 4045 1182 4096 l.

70 4133 170 4185 Introd.
185 4152 244 4202 pgg.
263 4136 376 4190 56—58.

105 4230 133 4299 2)
152 4231 191 4283 Of.
210 4232 363 4286 Mommsen.
384 4234 503 4288 Hermes.
522 4237 575 4290 ΙΙΙ.
594 4256 636 4306 pg.
657 4238 715 4292 107.
