3030 5190
603 521 761 586 411

107 718 156 778 10.
180 717 337 795 Verginius
346 716 444 775 Rufus
454 715 547 792 adigit
556 733 603 773 su·

61 844 97 884 os
118 823 230 883 milites
244 823 274 881 in
289 823 380 883 verba
399 820 519 881 Galbae.
534 820 605 880 Suc·

62 931 146 991 cadit
160 930 188 989 ei
207 928 395 990 Hordeonius
409 928 543 987 Flaccus.

107 1035 156 1096 11.
179 1035 291 1095 Galbae
298 1035 364 1095 iter.
375 1033 455 1093 Vinii
462 1033 604 1110 potentia.

109 1145 157 1202 12.
178 1141 258 1200 Vinii
278 1141 341 1202 vita
361 1160 395 1200 ac
416 1159 511 1200 mores
537 1139 569 1213 ¹).

107 1248 157 1308 13.
180 1247 226 1307 14.
248 1245 448 1307 Gontinuatur
472 1246 605 1306 narratio

62 1355 103 1414 de
124 1352 308 1431 Nymphidio
328 1351 447 1411 Sabino,

106 1460 210 1520 Sabini
230 1478 319 1519 mors.
685 1456 1047 1533 Opprimuntanabinus‚
1063 1454 1177 1532 Capito,

106 1568 155 1625 15.
176 1564 401 1625 interficiuntur
425 1565 508 1623 iussu
536 1561 603 1622 Gal·
644 1563 752 1622 Macer.

59 1674 131 1746 bae,
161 1669 332 1749 Cingonius,
360 1671 469 1743 Macer,
490 1669 605 1746 Capito,

59 1778 125 1838 alii.
239 1824 241 1828 1
343 1824 345 1828 .

104 1881 331 1943 classiariorum
351 1882 509 1942 tumultus.
682 1881 728 1941 12.
750 1880 861 1940 Galbae
880 1880 1003 1941 saevitia
1017 1880 1048 1939 in
1063 1878 1178 1939 classia-

105 1990 154 2050 16.
176 1988 287 2048 Galbae
306 1989 431 2066 largitas
449 2008 520 2067 erga
534 1989 600 2049 oho-
641 1989 701 2050 rios
729 1989 938 2049 tumultuosos.
967 1988 1011 2048 De
1038 1987 1179 2048 choraula

57 2097 184 2157 raulam
206 2093 328 2155 (lanum.
644 2093 734 2155 (lano.

104 2201 288 2262 Donationas
315 2200 498 2266 Neronianas
526 2201 604 2280 exigi
686 2201 732 2261 15.
753 2201 960 2261 Liberalitates
983 2199 1109 2260 Neronis
1134 2219 1178 2259 re·

55 2309 159 2368 iubet.
643 2311 739 2368 vocat.

105 2415 154 2475 17.
176 2414 256 2473 Vinii
265 2415 407 2487 facinora,
417 2415 602 2492 velutTigel-
682 2414 820 2491 Tigellini
840 2413 1011 2490 impunitas.

78 2521 139 2580 lini
159 2520 330 2597 impunitas.

102 2627 154 2686 18.
178 2627 338 2688 Paullatim
360 2625 459 2686 omnia
478 2626 602 2702 impera·

50 2735 138 2796 toris
168 2733 249 2792 facta
278 2732 372 2793 invisa
405 2736 600 2810 suspectaque

50 2843 152 2900 fiunt.

98 2945 285 3005 Donativum
307 2963 366 3004 non
387 2945 447 3004 dat.
683 2945 730 3005 16.
752 2944 934 3005 Donativum
955 2949 1119 3005 recusatur.

99 3051 216 3112 Seditio
237 3050 405 3112 Germanici
430 3051 584 3111 exercitus.
682 3052 849 3130 Superioris
873 3050 1047 3111 Germaniae
1070 3051 1177 3111 exerci-

639 3161 689 3218 tus
703 3159 817 3235 rumpit
832 3162 998 3218 sacrament
1054 3203 1060 3217 .

102 3265 152 3324 19.
196 3264 241 3323 De
277 3263 419 3324 seditione
459 3269 604 3335 ἐπέμπετο
686 3264 733 3324 17.
758 3265 859 3338 „Quod
879 3268 915 3324 ut
935 3264 1106 3324 nuntiatum
1123 3266 1176 3336 cst,

49 3379 218 3450 ypmamra
244 3383 284 3443 τῷ
312 3374 411 3446 Γάλβᾳ
438 3376 519 3444 παρὰ
545 3382 606 3430 τῶν
646 3371 798 3447 despectui
818 3389 879 3431 esse
908 3389 966 3430 non
993 3374 1055 3429 tam
1081 3388 1177 3430 senec·

96 3613 126 3679 1)
145 3611 179 3662 In
196 3609 238 3662 his
254 3610 382 3678 capitibus
399 3611 478 3664 etiam
496 3613 621 3664 nonnulla
638 3629 654 3664 a
672 3612 762 3664 Tacito
780 3619 897 3665 nostrum
915 3611 1085 3680 desumpsisse
1105 3619 1175 3679 puto,

49 3708 134 3778 quod
150 3707 286 3775 imprimis,
305 3725 372 3775 quae
389 3708 544 3761 Plutarchus
561 3708 593 3761 de
611 3710 690 3762 Vinio
709 3709 796 3775 tradit,
815 3708 988 3777 comprobant.
1008 3710 1039 3761 cf.
1058 3709 1119 3761 Tac.
1139 3709 1175 3762 Η.

53 3808 80 3858 Ι.
103 3803 151 3868 48,
171 3803 215 3856 ubi
233 3803 265 3856 dc
284 3804 364 3858 Vinio
382 3812 483 3857 mortuo
501 3806 555 3858 lere
573 3806 666 3858 iisdem
684 3806 770 3859 verbis
788 3807 877 3859 eadem
896 3823 925 3858 ac
943 3814 1029 3858 noster
1047 3815 1142 3858 narrat.

94 3900 175 3954 Talis
192 3900 341 3966 similitudo,
359 3901 479 3968 quamvis
497 3918 549 3953 non
568 3910 621 3954 tam
639 3903 784 3971 conspicua,
802 3911 935 3970 praeterea
952 3903 1080 3970 reperitur
1098 3902 1132 3954 G.
1152 3904 1175 3956 7.

53 4001 98 4053 H.
123 3998 205 4051 1.13.
223 3997 358 4062 da1oe103
377 3997 410 4050 G.
431 3999 472 4052 15.
492 3999 529 4052 Η.
548 4000 572 4053 6.
590 3999 623 4052 de
640 4000 753 4053 infausto
771 4000 870 4052 Galbae
894 3999 1002 4053 introitu
1026 4001 1055 4052 in
1077 4000 1176 4067 urbem,

51 4105 98 4150 tot
120 4094 259 4147 classiariis
277 4095 422 4161 trucidatis3
441 4095 475 4147 G.
492 4098 532 4149 17.
546 4096 583 4149 Η.
598 4095 640 4149 72.
658 4097 691 4150 de
704 4098 840 4165 Tigellino,
859 4097 971 4150 Nemnis
989 4106 1137 4166 corruptore
1151 4105 1177 4150 et

51 4191 210 4263 proditore3
229 4190 263 4244 G.
280 4190 321 4246 18.
336 4192 371 4244 Η.
386 4193 410 4246 5.
425 4191 525 4245 Galbae
538 4211 604 4246 vox:
619 4195 687 4262 „legi
705 4212 720 4247 a
738 4212 766 4247 se
779 4194 896 4261 militem,
910 4212 962 4247 non
976 4194 1052 4248 emi.'’
