3030 5190
755 528 798 593 39

210 721 297 788 Alia
324 721 568 804 additamenta,
592 721 687 792 velut
710 721 752 788 de
771 720 917 789 Senecae
938 744 1017 808 ergo
1036 722 1209 789 Othonem
1232 723 1332 791 bene·

209 841 377 923 volentia,
401 842 453 907 sin
477 842 593 907 minus
615 840 789 907 Plutarchi
812 841 997 908 memoriae
1016 840 1230 930 imputanda,
1248 841 1331 931 quid

207 956 362 1043 impedit
386 957 571 1043 quominus
593 955 660 1023 alio
682 955 775 1022 fonte
799 961 873 1022 orta
896 955 987 1023 sint?

257 1071 482 1157 Inquiramus
505 1052 572 1157 quo
594 1070 697 1137 modo
713 1070 872 1138 Vitellius
886 1070 924 1135 in
938 1091 1096 1137 scaenam
1112 1071 1330 1158 producatur.

258 1228 301 1294 G.
327 1229 378 1294 22.
833 1241 867 1299 Τ.
881 1240 921 1300 Η.
936 1240 961 1300 Ι.
976 1241 1023 1300 52.
1044 1240 1153 1301 Valens
1177 1230 1331 1302 Vitelliirm
1380 1235 1384 1243 ’

251 1345 441 1422 Instigantur
470 1345 578 1405 milites
600 1349 636 1404 ut
658 1345 749 1405 Vitel·
790 1346 914 1423 instigat
927 1350 963 1405 ut
976 1346 1134 1422 imperium
1155 1347 1289 1424 accipiat.

210 1452 290 1511 lium
304 1453 513 1528 imperatorem
527 1448 722 1512 consalutent.
835 1455 912 1526 ,tres
930 1452 1024 1528 patris
1041 1454 1211 1515 consulatus
1230 1474 1331 1522 censu·

257 1562 756 1634 Οὐττέλλιος...πατρόςτετιμητοο
796 1577 861 1617 rem
882 1558 1038 1636 collegium
1060 1557 1212 1620 (laeseris’'

209 1671 261 1724 καὶ
290 1672 351 1740 τρὶς
377 1671 487 1724 ὑπάτου
516 1670 679 1740 γενομένου
707 1671 754 1723 καὶ
833 1665 858 1724 Ι.
873 1666 901 1724 9.
920 1665 973 1738 ,A.
988 1665 1150 1726 Vitellius.
1173 1713 1180 1726 .
1203 1713 1210 1727 .
1232 1687 1329 1730 censo·

209 1773 354 1844 Κλαυδίῳ
389 1774 514 1847 Καίσαρι
548 1775 659 1846 τρόπον
690 1777 753 1830 τινὰ
793 1771 834 1830 ris
855 1770 968 1830 Vitellii
989 1790 1023 1831 ae
1043 1775 1090 1832 ter
1118 1773 1246 1835 consulis
1273 1774 1330 1834 tili-

209 1880 421 1951 σονάρξαντος.
437 1875 459 1951 ¹)
795 1876 860 1936 ue.''

258 2024 359 2090 Idem
381 2024 494 2090 denuo
517 2023 611 2112 apud
633 2029 819 2111 utrumque
841 2024 964 2091 modus
994 2046 1156 2112 personas
1185 2026 1223 2092 in
1253 2049 1330 2096 nar-

208 2139 357 2206 rationis
380 2161 575 2206 connexum
597 2139 771 2206 inserendi
794 2138 913 2206 elucet.

256 2258 358 2323 Nunc
382 2257 474 2343 quod
493 2257 537 2324 ad
555 2256 658 2323 totius
677 2256 789 2344 operis
808 2255 1091 2343 compositionem
1107 2259 1238 2325 attinet.
1259 2260 1328 2326 Ini-

205 2373 258 2439 tio
286 2372 491 2438 Plutarchus
521 2372 629 2440 vitam
654 2370 865 2438 conscribere
887 2371 1023 2439 videtur
1045 2393 1139 2439 more
1163 2372 1326 2458 Suetonii,

206 2488 272 2575 qui
292 2488 397 2554 etiam
418 2487 562 2574 incipiat
585 2508 646 2575 per
668 2486 951 2553 memorationem
974 2487 1115 2573 originis
1137 2489 1326 2578 priorisque

204 2604 303 2670 vitae
322 2602 545 2689 imperatoris.
566 2601 747 2668 Suetonius
767 2601 891 2668 deinde
914 2623 1008 2669 more
1031 2602 1129 2669 solito
1148 2606 1325 2672 materiem

204 2853 271 2898 suo
302 2831 412 2919 capite
443 2836 628 2897 enarretur.
659 2830 863 2897 Plutarchus
893 2852 985 2913 vero,
1016 2837 1055 2898 ut
1086 2833 1240 2921 quisque,
1265 2836 1324 2924 qui
1426 2855 1429 2860 ·

202 2948 274 3014 has
296 2949 385 3014 vitas
406 2945 597 3033 perlegerit,
617 2944 758 3028 videbit,
776 2946 884 3032 magis
900 2946 1077 3034 magisque
1099 2947 1169 3014 fero
1192 2970 1323 3018 meram
1387 2977 1389 2981 ·

203 3062 389 3130 historiam
406 3060 552 3127 scribere
568 3061 679 3148 pergit
695 3066 846 3148 excepto,
867 3061 959 3149 quod
975 3062 1159 3128 nonnullas
1182 3084 1235 3129 res
1249 3086 1323 3150 gra·
1406 3040 1409 3063 ι

202 3198 279 3259 ree,
301 3197 387 3264 quae
410 3168 790 3263 minus'imperatorem
813 3176 995 3263 attingant,
1018 3177 1155 3260 omittit,
1178 3177 1321 3260 fabulas,
1401 3229 1404 3233 -

202 3291 395 3381 peculiaria
414 3311 474 3358 suo
493 3289 567 3357 loco
589 3289 743 3357 innectit.
767 3292 899 3378 Reapse
918 3290 1172 3379 quodammodo
1196 3292 1238 3359 de
1261 3315 1320 3361 suo

201 3407 381 3496 proposito
403 3406 492 3473 vitas
514 3404 751 3473 conscribendi
774 3407 923 3490 deflexit,
947 3407 1039 3495 quod
1064 3406 1183 3494 procul
1214 3407 1319 3475 dubio

201 3522 317 3590 Taciti
339 3521 416 3587 usui
439 3519 678 3587 ascribendum
702 3542 772 3587 esse
798 3526 967 3609 putamus.
996 3521 1160 3589 Attamen
1181 3522 1318 3609 gravius

201 3643 258 3706 est
287 3636 382 3703 aliud
412 3641 654 3722 argumentum
686 3636 788 3724 quod,
820 3637 977 3723 quamvis
1007 3635 1050 3703 ab
1084 3635 1160 3702 aliis
1190 3637 1216 3724 2)
1247 3637 1317 3704 iam

242 3814 270 3881 1)
288 3813 366 3878 Quod
384 3815 538 3867 Plutarchus
555 3814 588 3866 de
606 3813 706 3868 Vitellii
724 3821 876 3883 paupertate
894 3814 973 3879 addit,
993 3813 1068 3866 facile
1086 3813 1118 3866 de
1136 3831 1182 3867 suo
1201 3831 1255 3868 csse
1272 3833 1318 3883 po·

199 3918 263 3966 test.
278 3911 331 3964 Res
344 3917 400 3964 erat
417 3911 557 3964 notissime.
577 3913 608 3964 cf.
627 3911 698 3965 Suet.
718 3912 773 3965 Vit.
793 3913 817 3965 7.
837 3911 923 3977 „Satis
940 3918 1039 3964 constat
1057 3911 1158 3964 exituro
1178 3912 1221 3979 (sc.
1235 3911 1316 3966 Vitel-

196 4010 237 4062 lio
258 4008 285 4060 in
303 4008 451 4061 inferiorem
474 4008 651 4072 Germaniam)
675 4009 798 4063 viaticum
821 4009 939 4076 defuisse,
964 4016 1035 4062 tenta
1058 4016 1169 4076 egestate
1187 4009 1225 4062 rei
1242 4009 1316 4061 fami·

196 4105 284 4170 liaris,
303 4113 332 4158 ut
350 4104 415 4157 eto.''

238 4201 268 4269 2)
287 4201 325 4255 cf.
345 4201 445 4256 Clason.
465 4203 481 4256 l.
500 4203 517 4254 l.
536 4220 577 4272 pg.
599 4204 639 4258 15.
658 4204 754 4272 Lange.
773 4204 790 4256 l.
809 4204 826 4256 l.
844 4222 886 4272 pg.
906 4203 948 4259 60.
967 4204 1067 4258 Lezius.
1086 4205 1103 4256 l.
1122 4205 1139 4255 l.
1158 4222 1200 4272 pg.
1221 4205 1260 4257 15.
