3038 5190
692 521 710 589 ί
738 542 781 607 45

202 734 308 799 modo
335 733 527 821 probabilia
549 735 618 799 sint
641 756 704 800 nec
726 711 830 800 omni
844 755 946 800 sanae
969 733 1094 800 rationi
1117 741 1318 820 repugnent,

201 870 247 914 ex
281 848 346 915 hac
376 855 471 936 parte
501 849 621 916 saltem
654 848 790 915 nullum
822 849 938 916 Tacito
969 847 1153 936 ‘Plutarchi
1188 850 1318 915 auctori

199 963 491 1049 impedimentum
515 963 628 1029 offerri
645 963 835 1030 ostendant.
854 963 967 1051 Atque
991 984 1075 1050 quas
1098 963 1217 1028 Lezius
1241 985 1319 1050 pro·

200 1078 268 1143 fert
298 1099 425 1160 causas,
457 1100 575 1149 omnes
605 1078 741 1154 admitti
776 1084 928 1166 possunt,
962 1078 1058 1145 velut
1091 1077 1317 1145 Plutarchum

200 1189 379 1259 subtiliora
396 1193 583 1280 neglegere,
605 1164 882 1374 qufidpraebeat,
906 1190 1062 1279 pluribus
1084 1191 1200 1260 verbis
1223 1213 1317 1258 exor-

200 1328 284 1372 nare
308 1305 374 1394 (pg.
404 1308 491 1394 174),
515 1329 622 1394 parva
645 1330 665 1374 a
715 1307 891 1389 itamenta,
918 1306 1085 1373 formulae
1116 1305 1317 1373 transeundi

200 1443 303 1488 causa
319 1421 465 1488 insertae
483 1422 549 1509 (pg.
572 1422 659 1510 175),
675 1423 914 1490 exornationes
929 1422 996 1509 (pg.
1015 1422 1102 1510 176),
1119 1422 1180 1488 illa
1197 1421 1319 1508 ampli·

201 1535 325 1616 ficati0,
344 1557 447 1623 quam
466 1537 536 1603 iam
556 1537 698 1619 Krauss,
715 1538 830 1624 Lange
847 1536 936 1623 (pgg.
955 1534 1098 1624 21-27)
1115 1540 1315 1602 tractarunt.

245 1651 493 1717 Verumtamen
513 1651 600 1718 aliae
616 1658 697 1719 sunt
713 1673 843 1734 causae,
862 1673 949 1738 quae
965 1648 1122 1718 Tacitum
1138 1649 1315 1717 Plutarchi

199 1765 331 1830 iontem
357 1767 459 1832 fuisse
482 1766 695 1833 confirment.
720 1765 943 1833 Plutarchum
972 1756 1129 1833 Tacitum
1144 1787 1249 1852 prave
1265 1765 1316 1829 in-

200 1880 372 1948 tellexisse
407 1882 525 1948 videri.
566 1882 697 1968 (Lezius
731 1904 786 1969 pg.
823 1882 910 1970 173.)
951 1882 1071 1948 Postea
1104 1881 1147 1948 de
1180 1880 1246 1947 hac
1280 1900 1316 1946 re

202 1993 341 2062 uberius
368 2002 515 2078 acturus,
539 2019 649 2063 unum
673 2002 808 2063 tantum
832 1996 1030 2083 exemplum
1054 1996 1198 2078 tradam,
1224 1995 1316 2083 quod

202 2109 335 2195 primus
358 2111 550 2178 Mommsen
575 2113 601 2200 1)
620 2110 787 2228 praebuiq.
812 2113 874 2178 Est
892 2112 987 2177 loeus
1010 2111 1050 2177 G.
1076 2112 1128 2192 23,
1149 2111 1192 2176 de
1207 2108 1317 2176 Galba

200 2225 293 2310 apud
311 2225 436 2291 milites
456 2226 498 2293 de
514 2227 647 2292 Pisonis
671 2227 856 2313 adoptione
877 2226 982 2294 verba
997 2224 1155 2293 faciente:
1174 2223 1318 2306 ἀρξαμέ-

201 2358 265 2400 νου
286 2338 325 2402 ὁέ
352 2340 393 2401 τὰ
419 2341 485 2419 μὲν
512 2339 648 2422 λέγειν
673 2342 712 2404 ἐν
737 2348 785 2421 τῷ
807 2339 1034 2422 στρατοπέδῳ,
1063 2339 1104 2403 τὰ
1125 2338 1164 2402 ὁὲ
1184 2340 1318 2422 ἀναγι-

201 2454 455 2522 recusavere.
481 2458 598 2523 Monet
618 2458 811 2523 Mommsen
835 2458 872 2522 in
896 2457 1080 2543 adoptione
1103 2456 1153 2521 nil
1172 2454 1317 2535 recitari,

201 2569 261 2635 sed
285 2569 460 2638 Plutarchi
484 2594 632 2639 errorem
651 2572 709 2638 hic
732 2593 907 2639 occurrere
927 2573 1153 2659 profectuma
1175 2571 1253 2636 Tac.
1270 2568 1316 2636 H.

201 2684 229 2749 Ι.
255 2685 314 2750 18;
337 2685 449 2772 ,apud
469 2687 683 2773 frequentem
707 2686 858 2753 militum
881 2687 1075 2753 contionem
1096 2683 1317 2772 imperatoria

201 2798 370 2867 brevitate
401 2801 558 2887 adoptari
588 2823 608 2867 a
639 2823 674 2868 se
704 2803 864 2867 Pisonem
894 2823 988 2867 more
1019 2800 1091 2868 divi
1114 2799 1260 2885 Augusti
1284 2802 1316 2863 et

201 2914 360 3002 exemplo
391 2915 542 2997 militari,
578 2939 646 3004 quo
680 2917 734 2985 vir
768 2916 883 2984 virum
917 2915 1094 3002 legeret,
1129 2936 1315 3002 pronun·

200 3029 317 3095 tiat.''
340 3030 463 3096 Procul
487 3029 592 3097 dubio
618 3037 708 3097 recte
730 3031 860 3097 iudicat
885 3029 1007 3111 Mysia,
1030 3029 1273 3109 ἀναγινώσκειν
1293 3049 1312 3093 e

205 3143 362 3230 ,legeret
385 3147 607 3232 pronuntiat”
631 3152 744 3213 ortum
768 3167 848 3212 esse.

247 3259 352 3325 Porro
376 3261 538 3327 coartatio
562 3283 687 3343 rerum,
704 3261 846 3330 diversis
866 3260 949 3326 locis
970 3240 1064 3347 apud
1083 3258 1240 3325 Tacitum
1263 3279 1317 3324 oc·

202 3374 424 3456 currentium,
455 3374 550 3442 velut
573 3376 613 3442 G.
638 3377 680 3441 22
704 3376 746 3442 de
770 3376 935 3442 seditione
964 3373 1160 3441 Germanioi
1191 3375 1317 3440 exerci-

201 3495 267 3570 tua
292 3488 331 3555 Ο.
356 3492 375 3555 1
399 3490 441 3555 de
460 3490 581 3576 primis
601 3490 747 3557 Othonis
773 3489 988 3578 imperatoris
1011 3489 1094 3555 actis
1117 3489 1154 3576 2),
1178 3488 1317 3554 demon-

241 3727 266 3792 1)
284 3726 302 3778 l.
321 3726 338 3777 l.
357 3744 398 3795 pg.
418 3726 478 3781 306.
498 3727 556 3779 adn.
580 3728 605 3779 4.
630 3727 746 3796 Quisque
768 3726 839 3780 videt
861 3727 910 3779 hoc
932 3727 1087 3794 exemplum,
1106 3743 1122 3777 a
1142 3724 1315 3779 Mommsenio

202 3830 233 3874 ut
251 3839 413 3893 communem
430 3824 527 3876 iontem
545 3824 687 3890 «infirmet,
706 3825 843 3892 prolatum,
862 3823 1022 3877 econtrario
1040 3823 1099 3891 plus
1120 3829 1235 3875 nostram
1259 3839 1318 3888 par·

203 3927 257 3971 tem
276 3918 406 3972 adiuvare.

238 4014 266 4084 2)
284 4015 384 4068 Lenius.
404 4018 421 4068 l.
439 4017 456 4068 l.
476 4035 533 4084 pgg.
553 4017 666 4083 27-37,
685 4018 790 4086 exponit
809 4019 842 4071 G.
861 4017 895 4070 22
914 4035 929 4070 e
946 4016 1008 4069 locis
1021 4016 1082 4068 Tac.
1097 4015 1134 4067 H.
1149 4015 1171 4066 Ι.
1188 4017 1212 4080 5,
1232 4014 1316 4081 8,18‚

202 4113 246 4178 51,
266 4110 308 4177 52,
327 4114 440 4179 55-57,
458 4131 516 4185 pgg.
537 4114 648 4168 73-78.
669 4113 700 4166 Ο.
722 4117 744 4167 l.
764 4133 778 4168 e
796 4116 827 4167 T.
848 4116 885 4168 Η.
904 4115 926 4166 Ι.
942 4114 985 4177 47,
1000 4114 1044 4177 71,
1060 4113 1101 4177 77,
1116 4110 1158 4176 90,
1177 4113 1316 4164 conflatum

202 4226 266 4260 esse.
