3038 5190
738 495 758 558 6

193 688 306 763 strem,
338 682 556 748 Mommsenii
579 681 919 770 adversariorumque
941 692 1146 770 argumenta
1174 710 1324 776 compo-

195 818 288 863 nam.
313 797 338 884 1)

240 910 353 999 Atque
379 913 572 978 Mommsen
594 912 621 1000 2)
644 912 839 979 testimonia
858 912 900 978 de
921 911 1041 981 Cluvio
1057 915 1208 1003 collegit,
1237 940 1325 1005 quo-

195 1049 274 1093 rum
296 1026 424 1092 auxilio
447 1025 546 1092 nobis
570 1026 682 1094 Cluvii
712 1047 893 1114 personam
924 1029 1095 1115 exprimit,
1119 1051 1213 1116 quae
1239 1037 1324 1119 apte

79 1223 81 1229 .
197 1141 240 1215 ad
264 1140 438 1207 Plutarchi
462 1140 638 1226 Tacitique
661 1162 879 1207 communem
903 1148 1075 1208 auctorem
1099 1147 1323 1229 conveniret,

196 1256 245 1322 ita
270 1259 309 1320 ut
335 1255 425 1320 Petri
454 1255 622 1320 sententia
652 1255 760 1340 magis
783 1255 897 1322 adhuc
919 1257 1082 1324 firmetur.
1106 1258 1172 1324 Sed
1198 1262 1325 1329 videa-

198 1390 274 1436 mus
294 1369 384 1456 quod
401 1358 500 1435 Peter
518 1369 783 1435 fundamentum
799 1391 878 1436 suae
895 1370 983 1436 thesi
999 1371 1237 1442 substraverit.
1257 1378 1324 1444 Est

198 1485 291 1550 locus
325 1483 500 1549 Plutarchi
532 1483 570 1550 Ο.
603 1486 633 1550 3.
666 1493 736 1564 τοῖς
766 1482 805 1546 dt
834 1484 972 1565 πολλοῖς
996 1487 1227 1568 χαριζόμενος
1258 1492 1325 1554 οὐκ

199 1600 324 1681 ἔφευγε
346 1596 386 1660 τό
408 1605 543 1677 πρῶτον
563 1596 602 1659 ἐν
625 1608 695 1678 τοῖς
713 1597 870 1680 θεάτροις
894 1599 1018 1680 Νέρων
1042 1606 1324 1685 προσαγορεύεσ-

199 1713 264 1777 θαι·
288 1713 345 1774 ναί
370 1731 471 1774 τινων
499 1711 632 1792 εἰκόνας
662 1711 826 1793 Νέρωνος
853 1716 902 1795 εἰς
929 1715 1122 1796 τούμφανὲς
1148 1717 1324 1799 προθεμέ-

199 1825 522 1891 νωνούιιένιώλυσε.
544 1826 761 1909 Κλούβιος
783 1827 828 1890 dd
849 1827 1106 1910 Ῥοῦφοςείς
1133 1829 1325 1914 Ἰβηρίαν

201 1945 301 2026 φησί
336 1941 591 2024 νομισθῆναι
637 1941 899 2023 διπλώματα,
941 1941 1004 2024 οἷς
1051 1944 1325 2023 ἐκπέμπουσι

201 2057 300 2138 τούς
329 2057 734 2140 γραμματηφόρους,
765 2058 811 2121 τό
838 2066 911 2120 τοῦ
946 2056 1150 2139 Νέρωνος
1183 2058 1325 2125 θετόν

202 2172 336 2251 ὄνομα
368 2174 781 2253 προσγεγραμμένον
814 2172 972 2254 ἔχοντα
1006 2179 1060 2251 τῷ
1091 2181 1163 2234 τοῦ
1200 2172 1325 2238 ”Odor-

202 2306 284 2367 νος.
304 2287 404 2365 Quod
422 2286 466 2353 ad
490 2287 687 2374 diplomata,
711 2289 891 2354 Suetonius
910 2288 1004 2353 haud
1024 2288 1096 2354 sine
1116 2288 1234 2375 aliqua
1260 2291 1325 2356 du·

203 2401 367 2468 bitatione
390 2402 493 2468 huius
514 2403 563 2468 rei
586 2404 796 2470 mentionem
814 2404 904 2485 facit,
925 2425 1004 2469 cum
1028 2404 1163 2470 Tacitus
1179 2425 1257 2470 rem
1274 2413 1325 2473 ta-

204 2517 245 2583 lis
275 2517 441 2583 momenti
469 2518 716 2605 praetermittit.
754 2518 802 2585 of.
834 2519 924 2585 Suet.
961 2518 1000 2585 Ο.
1033 2519 1063 2585 7.
1098 2518 1160 2600 „ab
1194 2519 1325 2588 infima

203 2631 302 2719 plebe
326 2631 516 2719 appellatus
539 2634 639 2715 Nero,
664 2633 798 2700 nullum
817 2634 986 2700 indicium
1002 2635 1188 2700 recusantis
1211 2634 1323 2719 dedit,

192 2741 324 2829 immo,
354 2754 400 2814 ut
422 2748 598 2835 quidam
620 2749 916 2832 tradiderunt,
942 2750 1046 2816 etiam
1070 2749 1324 2836 diplomatibus

242 2996 267 3062 1)
286 2995 447 3062 Argumenta
464 3000 552 3046 contra
570 2991 736 3044 Mommsenii
753 2992 901 3060 opinionem
918 2992 1048 3044 invenies:
1068 2992 1104 3043 H.
1124 2993 1239 3044 Nrssur.
1265 2993 1320 3046 Rh.

206 3091 335 3143 Museum.
354 3089 396 3144 26.
417 3089 493 3143 1871.
512 3106 570 3156 pgg.
589 3087 737 3144 497-548.
756 3088 808 3140 Die
825 3088 960 3141 Historien
978 3088 1023 3141 des
1045 3088 1153 3139 Plinius.
1177 3105 1235 3155 pgg.
1256 3089 1321 3155 507,

206 3187 266 3252 508,
285 3185 431 3241 530-532.

242 3286 272 3336 L.
291 3285 416 3336 Knauss.
435 3283 476 3335 De
499 3283 619 3336 Vitarum
642 3282 809 3350 Imperatoris
831 3281 942 3334 Othonis
963 3282 1015 3334 fide
1039 3281 1206 3349 quaestiones.
1225 3282 1319 3350 Progr.

208 3381 397 3434 Zweibriicken.
418 3379 494 3434 1880.
513 3398 571 3448 pgg.
590 3378 703 3434 20-22.

243 3480 275 3531 R.
295 3480 405 3530 Lamon.
425 3479 441 3530 l.
461 3478 477 3529 l.
497 3495 554 3545 pgg.
576 3476 686 3541 15-17‚
705 3476 817 3530 34-37.

243 3577 274 3628 E.
294 3576 327 3628 G.
347 3576 463 3627 Hannr.
482 3574 628 3626 Plutarch’s
646 3573 724 3626 Lives
742 3574 768 3625 of
786 3573 870 3625 Galba
889 3572 939 3624 and
958 3572 1035 3625 Otho.
1055 3572 1162 3624 Londen
1183 3572 1258 3626 1890.
1273 3574 1320 3626 In·

207 3673 352 3726 traduction
369 3690 426 3740 pgg.
446 3672 558 3725 49-51.

244 3769 313 3822 Cmr.
333 3769 434 3820 Barna.
453 3767 559 3820 Tacitus
576 3766 630 3820 und
647 3765 777 3819 Plutarch.
796 3767 886 3833 Progr.
905 3766 1047 3818 Frankfurt
1065 3783 1087 3817 a.
1107 3766 1144 3817 M.
1166 3766 1240 3820 1893.
1256 3784 1317 3834 pgg.

208 3865 285 3920 6-9.

243 3961 486 4014 Pn.FA131A.Les
504 3977 605 4012 sources
626 3960 659 4013 de
681 3960 770 4012 Tacite
792 3959 856 4012 dans
879 3960 916 4012 les
938 3958 1067 4010 Histoires
1090 3966 1115 4010 et
1136 3958 1173 4009 les
1194 3959 1318 4012 Annales.

208 4059 289 4125 Paris,
309 4057 384 4112 1893.
403 4076 462 4126 pgg.
482 4056 628 4112 171-181.

243 4156 271 4219 2)
288 4158 305 4209 l.
325 4157 341 4208 l.
361 4175 418 4226 pgg.
439 4154 586 4211 318-312.
