3038 5190
617 520 658 584 31

80 717 284 798 temporum,
309 710 398 777 solae
417 689 505 784 reete
529 710 734 797 compositae
751 716 840 793 sunt,
863 689 982 798 procul
1006 709 1110 777 dubio
1127 711 1192 778 vir-

78 831 144 908 tus,
172 848 239 912 qua
265 826 332 892 alia
355 827 427 892 eius
449 826 574 913 scripta
601 831 725 892 carent.
749 827 868 892 Lezius
890 826 1024 912 longius
1056 847 1190 912 progre-

81 941 173 1007 ditur
195 947 297 1028 atque
318 941 462 1028 vestigia
484 940 657 1027 scriptoris
680 940 861 1006 senectutis
883 939 1053 1008 invenisse
1076 940 1192 1026 opina-

80 1061 154 1138 tur;
177 1056 198 1123 l.
223 1057 244 1123 l.
272 1079 327 1144 pg.
360 1058 433 1125 174.
468 1056 657 1140 „Omnibus
688 1077 769 1123 vero
792 1055 874 1120 locis
902 1054 1011 1120 dulcis
1042 1056 1192 1121 cernitur

80 1170 226 1253 ubertas,
247 1194 333 1258 quae
348 1173 522 1239 interdum
538 1176 634 1239 tanta
650 1177 709 1254 est,
725 1178 765 1237 ut
777 1171 872 1236 senis
887 1169 1039 1258 loquacis
1057 1191 1126 1236 esse
1141 1169 1191 1237 vi·

81 1287 209 1370 deatur,
219 1287 314 1355 velut
325 1289 407 1354 etc.''
421 1288 584 1376 (sequitur
596 1287 832 1374 exemplorum
845 1287 1029 1373 numerus.)
1037 1287 1191 1351 Profecto

79 1403 117 1467 in
140 1403 300 1469 omnibus
322 1403 498 1470 Plutarchi
520 1403 654 1491 scriptis
677 1402 876 1468 elocutionis
899 1401 1044 1468 latitudo
1067 1400 1192 1488 reperi·

81 1523 150 1600 tur;
171 1522 324 1584 attamen
346 1518 411 1584 hae
434 1519 525 1586 vitae
545 1517 752 1605 singularem
771 1518 874 1583 huius
896 1517 945 1583 rei
975 1517 1191 1582 documento-

78 1655 157 1699 rum
181 1633 439 1699 multitudinem
467 1633 641 1720 praehent.
665 1634 843 1700 Praeterea
866 1631 1094 1698 animadverti
1117 1651 1192 1694 nos·

81 1754 175 1814 trum
201 1748 391 1814 identidem
422 1748 489 1815 duo
520 1747 687 1816 vocabula
716 1747 967 1834 propemodum
998 1766 1191 1832 synonyma

80 1863 296 1949 coniungere.
321 1863 496 1929 Nonnulla
516 1863 673 1950 exempla
697 1885 714 1928 e
734 1885 860 1949 magna
883 1862 980 1949 copia
1003 1861 1189 1948 proteram:

80 1980 122 2046 G.
142 1980 171 2045 1.
190 1985 238 2057 τῷ
259 1977 355 2059 πρᾴῳ
376 1979 431 2040 ναὶ
454 1975 692 2059 φιλανθρώπῳ,
718 1979 769 2044 11.
785 1976 1047 2058 φιλανθρώπους
1066 1976 1121 2037 ναὶ
1137 1972 1191 2055 ὁη-

77 2097 227 2178 μοτιιιάς,
252 2094 292 2160 of.
317 2093 356 2160 Ο.
382 2095 412 2175 1,
440 2093 480 2159 G.
505 2093 556 2158 20.
580 2093 834 2174 εὐπροσήγορον
860 2093 915 2154 ναὶ
941 2089 1191 2172 φιλάνθρωπον,

79 2204 110 2270 1.
124 2203 164 2267 τὸ
184 2205 361 2288 θνμοειὸὲς
374 2208 429 2270 καὶ
443 2206 654 2289 δραστήριον,
675 2207 705 2272 4.
723 2207 825 2287 ὠμῶς
839 2209 894 2269 καὶ
909 2208 1046 2289 ἀγρίως,
1064 2206 1192 2287 κίνησιν

79 2321 136 2381 καὶ
156 2322 278 2403 φοράν,
295 2331 440 2404 μηνῦσαι
460 2325 515 2385 ναὶ
534 2332 708 2396 κατειπεῖν,
729 2323 759 2389 5.
776 2321 875 2385 λαλιὰ
889 2324 943 2385 ναὶ
962 2323 1063 2402 φήμη,
1079 2319 1192 2401 ὀρθῶς

78 2438 135 2497 καὶ
165 2435 423 2519 λελογισμένως,
445 2440 474 2505 6.
499 2438 627 2525 συνήθη
654 2440 709 2500 παὶ
735 2438 936 2519 σύντροφον,
958 2439 1008 2504 10.
1031 2435 1191 2520 χαλεπῶς

79 2552 136 2612 καὶ
155 2550 268 2633 μόλις,
290 2555 341 2619 13.
357 2552 501 2634 ἐπιεικής
514 2555 568 2615 ναὶ
585 2552 731 2633 μέτριος,
754 2554 804 2621 17,
823 2550 1027 2631 ὁιὸάσναλος
1045 2552 1101 2613 ναὶ
1121 2569 1190 2612 παι-

80 2663 240 2747 ὁαγωγός
254 2674 314 2734 etc.
339 2675 400 2735 eto.
424 2669 560 2756 passim.

125 2781 224 2860 Quod
242 2783 287 2848 ad
306 2783 431 2850 harum
453 2784 603 2851 vitarum
623 2805 815 2850 sermonem
835 2805 937 2871 quem
958 2805 1027 2848 non
1047 2788 1119 2849 tam
1135 2804 1192 2869 po-

78 2897 180 2964 litum
196 2920 235 2964 ac
254 2900 442 2985 perfectum
462 2922 566 2988 quam
589 2900 626 2964 in
650 2899 724 2965 aliis
747 2899 922 2965 Plutarchi
943 2898 1102 2986 operibus
1122 2919 1191 2964 esse

77 3013 221 3100 quidam
243 3014 435 3100 perhibent,
459 3036 633 3101 memores¹
653 3015 758 3081 simus
781 3015 885 3080 talem
910 3036 982 3085 rem
1006 3013 1192 3080 diiudicare

77 3127 321 3194 difficillimum
344 3151 423 3196 esse.
448 3130 514 3196 Sed
531 3130 584 3196 fac
600 3151 731 3197 revera
749 3131 796 3196 ita
812 3151 884 3195 rem
900 3151 934 3194 se
954 3128 1090 3211 habere,
1108 3128 1189 3215 quid

77 3243 224 3330 impedit
245 3244 429 3331 quominus
451 3225 972 3332 Waohsmuthii1)sententiam
995 3242 1191 3330 comprobe-

77 3380 156 3424 mus
171 3380 221 3424 sc:
244 3359 469 3425 Plutarchum
492 3380 563 3425 non
586 3359 629 3425 ab
650 3361 744 3425 omni
768 3365 863 3446 parte
886 3359 952 3424 hoc
976 3380 1061 3446 opus
1084 3356 1191 3424 absol-

77 3473 166 3541 visse
186 3478 441 3559 extremamque
454 3473 526 3538 eius
537 3495 680 3539 manum
699 3473 788 3540 Vitis
800 3473 892 3538 hisce
905 3495 975 3538 non
992 3472 1191 3538 accessisse?

125 3587 227 3666 Quod
246 3587 370 3653 deinde
393 3587 585 3655 Mommsen
602 3588 628 3675 2)
646 3587 728 3653 dicit
742 3587 941 3674 praesertim
965 3608 982 3652 e
1003 3586 1042 3653 G.
1061 3588 1113 3653 10.
1129 3586 1151 3652 i.
1167 3587 1190 3652 f.

81 3701 136 3790 (de
156 3701 254 3770 beata
277 3702 433 3788 Verginii
452 3702 634 3790 senectute)
651 3722 814 3788 apparere
830 3708 909 3768 ante
926 3702 1081 3788 Verginii
1105 3724 1192 3767 mor-

83 3822 153 3884 tem
179 3817 242 3904 (i.e.
265 3819 301 3884 a0
324 3817 366 3884 97
386 3816 441 3883 vel
465 3818 518 3904 98)
541 3816 766 3883 Plutarchum
789 3816 854 3881 hoc
874 3838 959 3902 opus
978 3816 1192 3902 conscripsis-

82 3954 127 4014 se,
152 3931 248 3998 nullo
275 3932 377 3997 modo
401 3931 546 4018 probare
570 3953 718 4018 possum.
744 3931 856 3997 Immo
876 3953 1042 3996 memores
1065 3931 1193 4018 Sopho-

120 4111 145 4172 1)
164 4109 181 4160 l.
200 4109 278 4175 l.'pg.
297 4107 357 4161 218.

117 4205 146 4274 2)
163 4207 181 4258 l.
200 4207 217 4258 l.
236 4223 277 4272 pg.
297 4205 357 4258 297.
376 4204 435 4256 adn.
454 4203 478 4256 2.
