3038 5190
830 532 874 597 54

287 749 371 808 rem,
389 732 426 791 ut
450 724 661 790 remanentis
681 745 761 809 erga
780 724 953 789 Neronem
970 723 1171 789 defunctum
1185 724 1311 811 populi
1329 747 1423 790 anro-

287 841 334 907 ris
366 840 613 906 documentum
641 837 829 924 praeberet,
861 843 939 925 post
966 839 1111 904 Neronis
1141 844 1293 905 mortem
1317 839 1423 906 tradi-

288 956 388 1023 disse.

333 1069 452 1136 Obiter
474 1069 565 1135 hanc
588 1089 703 1133 meam
730 1066 936 1132 sententiam
962 1089 1154 1155 proponere
1182 1068 1296 1154 cupio.
1332 1068 1419 1134 Cum

288 1192 409 1273 reputo
426 1184 584 1250 Tacitum
609 1188 642 1248 et
666 1181 828 1248 Cluvium
852 1188 1038 1269 utrumque
1062 1183 1233 1248 Historias
1258 1182 1417 1263 edidisse,

289 1299 403 1367 Cluvii
427 1320 512 1386 opus
535 1297 630 1363 haud
655 1295 758 1362 dubie
782 1318 853 1361 non
877 1297 968 1363 ultra
992 1319 1125 1362 annum
1149 1299 1191 1362 69
1219 1298 1417 1378 tetendisse,

288 1413 405 1480 Tacito
424 1413 564 1478 initium
588 1434 720 1479 annum
749 1413 791 1476 69
820 1431 901 1492 esse,
926 1433 1037 1498 pauca
1060 1433 1122 1498 pro
1147 1417 1222 1477 rata
1246 1419 1358 1498 parte,
1382 1417 1417 1477 ut

289 1528 452 1605 vidimus,
482 1527 523 1593 de
548 1526 658 1592 Galba
686 1524 730 1591 ab
758 1547 797 1592 eo
821 1526 965 1607 narrari,
997 1547 1036 1592 eo
1060 1526 1213 1592 adducor
1235 1532 1276 1592 ut
1307 1527 1415 1594 Taciti

289 1643 460 1709 Historias
491 1641 603 1708 Cluvii
635 1640 715 1706 libri
743 1640 1043 1706 continuationem
1076 1662 1146 1706 esse
1177 1641 1330 1708 credam.
1364 1642 1416 1707 Sic

288 1757 423 1823 Plinius
446 1755 552 1821 libros
579 1777 599 1821 a
622 1755 690 1821 fine
711 1754 843 1819 Aufidii
863 1754 959 1819 Bassi
980 1755 1182 1841 composuit,
1204 1755 1414 1822 Ammianus

289 1861 510 1940 Marcellinus
525 1871 693 1952 Tacitum,
710 1869 841 1936 Marius
857 1870 1032 1934 Maximus
1049 1869 1253 1936 Suetonium
1266 1873 1412 1959 excepit.

336 1989 512 2052 Postremo
532 1985 709 2070 nonnullis
736 1985 819 2050 locis
843 1983 1036 2071 complures
1067 1986 1178 2051 fontes
1209 1984 1415 2053 Plutarchus

291 2101 451 2168 habuisse
478 2100 624 2167 videtur.
660 2099 793 2185 Nempe
825 2107 903 2164 sunt
934 2098 1010 2180 loci,
1042 2098 1102 2164 ubi
1129 2099 1280 2166 formula
1304 2102 1416 2188 qualis

291 2216 359 2279 εἴτε
382 2255 416 2263 -
447 2215 524 2289 εἶτε,
549 2214 597 2293 ὡς
620 2215 724 2294 φασὶν
746 2212 827 2276 ἔνιοι
848 2215 1056 2281 inveniatur.
1081 2214 1147 2280 Sed
1164 2236 1246 2283 cave
1264 2238 1309 2281 ne
1321 2238 1416 2304 prae·

290 2351 433 2417 propere
454 2351 497 2395 ex
521 2351 560 2395 eo
583 2329 815 2416 complurium
838 2329 987 2395 fontium
1008 2351 1109 2396 usum
1132 2330 1331 2397 concludas.
1357 2332 1417 2398 Fa-

293 2445 420 2511 cillime
444 2444 537 2510 enirn
565 2444 664 2510 aliter
690 2444 753 2510 has
779 2444 945 2510 formulas
969 2444 1134 2531 explicari
1161 2466 1259 2531 posse
1283 2446 1418 2512 affatim

296 2561 368 2626 iam
386 2560 453 2627 viri
477 2560 569 2625 docti
592 2559 790 2625 docuerunt.
808 2560 834 2646 1)

338 2677 505 2741 Accurate
537 2674 751 2760 singulorum
786 2674 941 2740 locorum
961 2675 1148 2768 originem,
1178 2676 1326 2744 definire
1363 2700 1419 2743 ne-

292 2791 380 2855 mini
410 2789 594 2875 continget.
630 2789 782 2875 Quisque
814 2789 908 2854 enim
938 2789 1108 2876 intellegit
1131 2789 1222 2856 locos
1247 2813 1332 2875 esse,
1358 2792 1419 2859 ubi

293 2905 431 2971 difficile
455 2905 498 2970 sit
521 2904 708 2969 diiudicare
732 2910 850 2970 utrum
874 2925 925 2968 ex
940 2904 1046 2970 altero
1069 2905 1174 2986 fonte,
1202 2927 1219 2971 e
1248 2908 1420 2974 memoria
1518 2961 1519 2984 ,

293 3021 455 3101 hauserit,
480 3020 522 3085 de
545 3041 606 3086 suo
630 3019 762 3106 aliquid
790 3019 895 3086 addat
925 3042 970 3086 an
1002 3042 1055 3086 res
1081 3043 1102 3087 a
1126 3021 1227 3086 Flor'o
1259 3031 1419 3111 acceptas
1518 3012 1519 3056 ³

292 3143 416 3202 narret.

339 3250 405 3316 Sed
425 3250 640 3336 propositum
661 3255 833 3316 assecutus
852 3271 937 3316 sum.
963 3251 1207 3328 Quaestionem
1224 3271 1292 3338 quo
1312 3255 1419 3320 modo

295 3366 424 3433 Galbae
445 3373 477 3431 et
496 3365 644 3432 Othonis
662 3366 754 3432 vitae
774 3365 981 3453 compositae
1002 3366 1080 3446 sint,
1096 3366 1190 3432 unde
1208 3366 1419 3436 Plutarchus

296 3481 458 3562 hauserit,
482 3502 544 3568 pro
569 3480 661 3547 virili
685 3486 781 3567 parte
806 3480 946 3547 solvisse
970 3481 1057 3545 mihi
1080 3481 1208 3548 videor.

340 3598 568 3683 Conspectum
592 3595 768 3662 Plutarchi
792 3597 912 3682 operis,
937 3596 1150 3682 singulorum
1166 3598 1323 3685 capitum
1346 3601 1417 3666 fon-

293 3713 381 3779 tium
409 3713 490 3778 dare
518 3713 648 3778 omitto.
682 3712 794 3793 Multi,
818 3712 990 3798 imprimis
1018 3712 1147 3794 Lenius,
1171 3722 1415 3800 exposuerunt,

293 3848 380 3915 quae
401 3849 421 3892 a
444 3826 561 3892 Tacito
593 3829 744 3913 profecta
772 3827 851 3909 sint,
875 3827 1023 3893 aliorum
1055 3828 1223 3914 originem
1251 3828 1411 3918 indicavi.

329 4100 355 4167 1)
374 4099 420 4150 cf:
440 4099 542 4152 Nissen.
561 4101 578 4151 l.
597 4101 614 4151 l.
634 4118 676 4167 pg.
696 4100 756 4154 506.
776 4100 869 4152 Lezius
882 4101 899 4151 l.
914 4101 931 4151 l.
947 4118 988 4168 pg.
1008 4100 1066 4154 178.
1082 4101 1184 4168 Hardy.
1204 4102 1221 4153 l.
1241 4103 1258 4154 l.
1274 4103 1340 4154 lntr.
1355 4120 1406 4170 pgg.

295 4198 408 4252 35-36.
