3038 5190
822 474 865 538 56

287 686 365 750 perc
389 664 524 729 cessisse
549 666 584 729 in
609 666 726 730 Tacito
752 665 924 730 Plutarchi
958 671 1094 730 auctore
1121 664 1330 745 reficiendo,
1355 664 1414 728 im·
1473 692 1478 705 ·

287 800 343 843 rno
367 784 500 865 praeter
531 780 653 845 miram
678 780 768 845 inter
799 785 984 866 utrumque
1007 779 1278 845 similitudinem
1304 779 1413 845 multa

286 895 402 981 magni
433 895 595 981 ponderis
630 900 832 980 argumenta
864 894 1088 961 Plutarchum
1119 894 1282 983 Tacitum
1319 895 1413 960 adhi-

286 1008 398 1076 buisse
421 1009 653 1096 comprobare.
678 1011 861 1077 Persevero
884 1010 923 1075 in
946 1032 1024 1076 mea
1044 1009 1227 1075 sententia:
1253 1015 1335 1074 1001
1360 1010 1413 1075 (10-

286 1146 381 1190 011110
405 1125 555 1211 aliquem
580 1125 796 1211 deperditum
820 1127 1021 1212 scriptorem
1053 1146 1278 1211 communem
1312 1124 1410 1189 illum

223 1270 227 1277 ·
284 1240 414 1304 fontem
445 1239 692 1304 constituamus
722 1261 857 1306 necesse
890 1239 1021 1320 0000,οἰ
1049 1239 1180 1305 affatim
1204 1240 1410 1325 apparuerit

286 1353 427 1419 omnino
457 1375 528 1418 non
551 1354 708 1419 Tacitum
731 1354 916 1421 Plutarcho
939 1355 1030 1419 inter
1055 1354 1166 1419 fontes
1185 1353 1305 1420 fuisse.
1333 1354 1407 1432 Qua

285 1466 418 1532 ratione
441 1465 520 1531 licet
542 1466 691 1549 laudern,
712 1467 804 1555 quod
829 1451 961 1555 magno
978 1469 1136 1535 acumine
1160 1489 1408 1556 quemcunque

284 1586 456 1647 auctorem
483 1583 617 1669 utrique
641 1605 861 1650 communem
883 1579 1206 1670 investigaverimus
1226 1589 1336 1670 atque
1357 1583 1410 1649 de·

284 1695 504 1778 ienderimus
535 1699 669 1784 assequi
696 1698 796 1765 nobis
827 1722 896 1765 non
930 1700 1115 1785 contingat,
1148 1698 1291 1765 maioris
1316 1699 1409 1785 equi-

287 1811 365 1876 dem
392 1811 492 1897 pretii
505 1813 647 1878 aestimo
671 1814 779 1880 Taciti
803 1815 942 1880 laudem
963 1816 1127 1881 intactam
1150 1813 1334 1880 vindicare
1356 1835 1410 1879 ne

287 1948 352 2014 que
377 1926 608 1993 Chaeronensi
633 1931 927 1997 excertitationem
960 1936 993 1996 et
1023 1929 1205 1996 consilium
1236 1929 1274 1993 10
1308 1951 1407 2016 opere

289 2041 468 2107 condendo
484 2041 661 2129 denegare,
680 2045 807 2132 quippe
824 2046 883 2132 qui
900 2067 970 2111 non
988 2051 1115 2125 temere
1132 2043 1286 2130 aliquem
1307 2045 1408 2130 scrip·

286 2163 395 2222 torem
418 2159 686 2246 transscripserit
705 2161 963 2247 excerpseritve,
982 2160 1041 2227 sed
1061 2159 1261 2225 thesaurum
1280 2181 1407 2225 100100-

286 2269 458 2353 rabilium‚
483 2272 637 2359 legende,
661 2275 843 2357 audienda
864 2276 1024 2356 videndo,
1045 2275 1277 2361 conquisitum
1298 2274 1406 2340 labori

287 2409 347 2452 suo
379 2387 598 2474 impendens,
630 2391 809 2457 clarissimi
841 2391 989 2458 Romani
1020 2390 1149 2456 librum
1180 2390 1405 2477 praecipuum

288 2501 352 2567 sibi
372 2502 501 2568 fontem
527 2504 664 2590 elegerit
684 2507 823 2593 eiusque
843 2505 948 2573 verba
968 2511 1001 2571 et
1019 2504 1157 2586 iudicia,
1179 2526 1239 2570 suo
1263 2503 1403 2570 arbitrio

288 2617 461 2684 interdum
484 2641 575 2701 110110,
599 2621 636 2685 10
660 2643 745 2708 opus
768 2644 869 2688 suum
892 2621 1114 2688 transtulerit.
