3038 5190
611 549 652 616 37

112 747 246 817 γεγονὼς
268 747 441 818 περιβόητος
462 749 497 800 ἐν
521 747 612 818 Ῥώμῃ
697 743 880 821 „Poppaeam
891 744 1029 804 Sabinam
1043 747 1188 824 prinoipe-

74 849 120 907 aa
141 853 193 907 τὸν
213 851 367 921 Ποππαίας
383 854 487 925 γάμον,
507 852 542 924 ῆς
555 854 612 924 ἤρα
652 850 680 909 le
693 853 835 923 scortum,
849 854 884 911 nt
894 851 972 928 apud
987 853 1137 912 conscium
1150 855 1183 913 li·

70 958 127 1026 μὲν
141 958 158 1012 ὁ
171 959 281 1029 Νέρων
289 958 442 1029 Κρισπίνῳ
457 962 609 1030 συνούσης,
649 955 785 1015 bidinnm
799 957 984 1033 deposuerat,
995 958 1087 1018 donec
1101 959 1186 1019 Oeta·

72 1066 115 1119 ἑτι
135 1061 161 1117 δ’
181 1063 352 1134 αἰδούμενος
371 1066 423 1136 τὴν
440 1066 545 1120 ἑαυτοῦ
561 1084 610 1136 γυ-
649 1063 729 1123 viam
743 1082 866 1123 uxorem
880 1064 1082 1123 amoliretur.''

73 1180 160 1224 ναίιια
173 1172 220 1224 καί
235 1172 287 1242 τὴν
297 1172 410 1242 μητέρα
428 1172 613 1242 φοβούμενος

72 1280 166 1348 ὑφηιιε
187 1279 239 1333 τὸν
260 1277 374 1333 Ὀιίωνα
394 1288 540 1348 πειρῶντα
560 1279 613 1349 τὴν

73 1384 236 1460 Ποππαίαν.
260 1386 338 1454 Φίλῳ
353 1382 387 1439 δὲ
401 1393 441 1459 τῷ
451 1383 552 1439 Ὁθωνι
565 1387 613 1440 καί

73 1492 217 1563 συμβιωτῇ
231 1488 278 1546 διὰ
292 1491 345 1560 τὴν
358 1493 486 1545 ἀσωτίαν
497 1492 610 1562 ἐχρῆτο,

71 1599 118 1651 ναί
141 1597 348 1666 σκωπτόμενος
369 1598 417 1651 ὑπ’
440 1599 528 1651 αὐτοῦ
541 1599 610 1653 πολ·
695 1599 816 1671 „gratus
845 1594 957 1654 Neroni
991 1594 1188 1654 aemulatione

70 1705 154 1772 λάιιις
166 1705 210 1772 είς
220 1704 410 1776 μικρολογίαν
429 1705 477 1757 καί
494 1704 610 1758 ἀνελευ-
650 1700 757 1760 luxus”

70 1812 174 1880 θερίαν
186 1811 291 1880 ἔχαιρε.

111 1972 285 2032 illustratur
305 1971 424 2030 luxuria
444 1971 556 2032 fabula.

99 2155 185 2210 Ἀλλὰ
199 2154 251 2225 τὴν
262 2171 299 2225 γε
309 2152 466 2209 Ποππαίαν
479 2171 598 2224 προμοι-

55 2265 163 2335 χεύσας
176 2270 216 2330 τῷ
231 2261 350 2332 Νέρωνι
363 2263 411 2315 καί
425 2258 597 2332 διαφθείρας

59 2381 122 2439 ταῖς
143 2371 186 2438 είς
207 2371 324 2423 ἐνείνον
344 2370 458 2423 ἐλπίσιν
480 2369 597 2423 ἔπεισεν
698 2393 699 2396 “
756 2365 759 2371 ”

58 2480 217 2548 ἀποστῆναι
232 2486 282 2531 τοῦ
295 2474 411 2548 ἀνδρὸς.
436 2477 596 2549 Ἐλθούσης

59 2581 93 2638 δὲ
109 2585 177 2654 παρ’
197 2584 287 2638 αὐτὸν
304 2589 347 2655 ὡς
359 2595 487 2656 γαμετῆς
500 2587 552 2640 οὐκ
565 2586 595 2654 ἠ-

54 2694 134 2763 γάπα
144 2691 284 2761 μετέχων,
300 2688 365 2742 ἀλλ’
376 2688 503 2758 ἤσχαλλε
508 2704 593 2756 μετα-

54 2796 160 2867 διδούς,
180 2794 248 2853 οὐδὲ
262 2799 350 2867 αὐτῆς
362 2796 534 2868 ἀγμίομένης,
552 2796 594 2864 ὣς

55 2918 134 2975 φασι,
149 2915 182 2976 τῇ
196 2903 352 2974 ζηλοτυπία
366 2912 416 2972 της
429 2900 591 2970 Ποππαίας.

95 3051 591 3130 SequiturnarratiunenladePop·
695 3063 780 3135 ᾖΜογ
815 3050 986 3138 suspectum
1020 3063 1050 3121 111
1087 3066 1189 3124 eadem

54 3179 127 3235 paea
141 3158 288 3218 Neronem
303 3158 484 3218 excludente·
651 3168 788 3244 Poppaea
802 3169 830 3227 in
841 3169 1026 3245 provinciam
1040 3169 1188 3230 Lusitani·

651 3296 698 3335 am
713 3276 808 3352 speeie
829 3277 985 3354 legationis
1000 3277 1160 3354 seposuit.'’

95 3356 313 3413 ’Πλινθίνευσεν
327 3355 380 3412 οὖν
389 3359 406 3412 ὁ
416 3356 513 3412 ”Oion
521 3361 591 3413 ἀπο-

54 3469 165 3521 θανεῖν·
182 3467 229 3520 noi
242 3466 414 3537 παράλογον
426 3461 471 3535 ἦν,
481 3466 524 3518 ὅτι
538 3465 590 3534 τὴν

52 3582 176 3644 γυναῖκα
195 3574 243 3626 ιιαὶ
262 3570 395 3642 ἀδελφὴν
417 3573 590 3641 ἀποκτείνας

54 3678 101 3734 διὰ
115 3680 166 3735 τὸν
179 3679 332 3748 Ποππαίας
344 3681 440 3751 γάμον
452 3680 589 3748 ἐφείσατο

54 3797 105 3842 τοῦ
125 3785 262 3856 Ὁιῖωνος.
285 3783 333 3841 20.
354 3786 482 3840 Σενέιιαν
500 3783 534 3840 ὁὲ
552 3785 589 3840 εί-

49 3911 104 3965 χεν
116 3895 230 3948 εὔνουν·
244 3895 379 3949 ιίάιιείνου
396 3895 447 3948 τὸν
460 3894 589 3964 Νέρωνα

51 4003 207 4071 πείσαντος
220 4003 267 4055 ιιαί
279 4001 511 4071 παραινέσαντος
528 3998 589 4067 ἐξε-

51 4109 171 4178 πέμφθη
185 4107 355 4162 Λυσιτανῶν
369 4109 528 4179 στρατηγὸς
540 4109 589 4162 ἐπί

53 4215 105 4272 τὸν
118 4215 263 4274 Ὠκεανόν.
291 4216 350 4270 Καὶ
367 4216 512 4293 παρέσχεν
524 4215 589 4274 ἐαυ-
690 4211 785 4287 „Otho
820 4210 942 4277 comiter
977 4212 1183 4274 administrata
