3038 5190
708 528 771 593 102

237 723 414 804 cap.2n
1189 778 1193 790 ἱ

232 838 331 902 Δοκεῖ
353 837 410 921 (sc.
439 833 561 919 Galba)
583 831 622 896 ὁὲ
639 831 717 914 μηδ’
739 833 782 895 ἀν
802 834 855 897 ἐπί
875 842 945 914 τοις
965 831 1060 914 ίόίοις
1078 834 1243 918 χρήμασι
1261 833 1317 912 μό

192 968 254 1011 νον
274 947 411 1012 ἑλέσθαι
432 947 492 1012 τόν
513 945 644 1012 ’Θόωνα
665 947 886 1030 κληρονόμον.

235 1065 361 1130 anrus
388 1065 414 1151 1)
438 1063 578 1130 adnotat
602 1063 646 1129 ad
664 1061 792 1142 μόνον·
821 1064 906 1146 „hcc
939 1063 1152 1130 obscurum''
1184 1064 1318 1132 laudat

192 1200 257 1266 que
269 1170 499 1245 coniecturam
517 1179 817 1245 Mannuussoaun:
837 1179 1006 1260 χρήμασιν
1020 1176 1182 1257 ’[μόνον],
1210 1180 1263 1246 ita
1283 1186 1317 1246 ut

188 1292 296 1372 μόνον
318 1315 336 1360 e
359 1294 472 1360 littera
489 1291 512 1355 ’ν
534 1299 647 1360 ortum
674 1294 725 1360 sit.
758 1293 848 1358 Mihi
876 1314 957 1362 vero
980 1294 1075 1359 locus
1104 1295 1314 1362 sanissimus

191 1410 337 1479 videtur.
350 1410 619 1497 Distinguendae
640 1410 733 1476 enim
745 1410 833 1476 duae
846 1408 976 1475 Galbae
987 1409 1204 1477 hereditates
1215 1417 1312 1477 sunt:

191 1525 376 1612 imperium
400 1531 433 1592 et
455 1525 555 1592 bona.
579 1524 684 1591 Haud
709 1524 812 1592 dubie
827 1524 1008 1610 adoptatus
1031 1523 1126 1592 Otho
1148 1547 1234 1591 cum
1254 1527 1313 1592 im·

193 1641 280 1727 perii
310 1646 384 1706 tum
407 1640 577 1707 bonorum
606 1639 705 1706 heres
734 1641 842 1706 factus
873 1645 968 1706 esset.
1000 1640 1039 1706 cf.
1072 1639 1168 1707 Suet.
1197 1641 1240 1708 G.
1262 1642 1310 1709 17.

194 1755 373 1837 „Pisonem
395 1794 438 1804 -
461 1759 662 1821 testamento
682 1775 815 1840 semper
828 1754 868 1819 in
886 1753 978 1821 bona
994 1760 1026 1821 et
1048 1777 1183 1821 nomen
1204 1757 1310 1823 adaci-

93 1939 96 1944 ,
193 1876 268 1936 tum
291 1909 335 1919 -
357 1870 566 1957 adoptavit.''
589 1869 658 1934 Hic
687 1870 756 1935 fere
779 1868 955 1935 Plutarchi
977 1869 1168 1938 verborum
1192 1893 1310 1938 sensus

194 1991 259 2052 est:
276 1986 344 2052 Fac
361 1985 508 2051 Galbam
524 1984 686 2051 heredem
704 1984 875 2051 bonorum
891 2006 1043 2051 seorsum
1066 1984 1207 2064 (μόνον)
1227 2009 1311 2052 nun·

196 2106 401 2187 cupaturum
422 2100 535 2181 fuisse,
558 2100 614 2168 vel
636 2105 719 2166 tunc
744 2099 916 2168 Othonem
939 2100 1117 2167 reiecisset.

233 2267 333 2334 Ὅθεν
353 2269 501 2350 ἀνιούσας
521 2277 581 2332 τοῦ
607 2267 738 2333 Οὐινίου
758 2225 813 2356 (de
835 2271 1030 2360 adoptione)
1049 2311 1093 2320 —
1121 2271 1311 2354 ὑπερέθετο

195 2384 256 2466 τὴν
278 2382 482 2447 ὁιόόεσιν.

238 2499 349 2568 Valde
368 2498 590 2586 probabiliter
620 2498 769 2566 Sintenis
788 2501 976 2588 proposuit:
999 2499 1048 2563 όέ
1055 2514 1132 2563 σιν.
1165 2502 1313 2590 (adopti-

195 2615 318 2701 onem).
344 2613 392 2680 Of.
422 2616 464 2680 23
490 2612 679 2695 πυθόμενος
700 2614 740 2677 dt
759 2615 820 2679 τόν
840 2616 914 2679 ἐκεῖ
928 2616 1157 2698 νεωτερισμόν
1179 2617 1201 2680 ό
1229 2616 1312 2681 Γάλ-

192 2727 414 2813 βαςούκέτι
435 2730 509 2812 τὴν
530 2732 771 2814 εἰσποίησιν
792 2731 1068 2813 ἀνεβάλλετο.
1085 2732 1312 2822 Quamquam

193 2844 332 2910 fortasse
348 2845 472 2912 Hardii
487 2847 804 2934 interpretationem
822 2849 897 2930 „He
912 2847 1101 2936 postponed
1118 2847 1179 2914 the
1201 2849 1312 2916 settle

194 2963 290 3024 ment
312 2959 349 3024 cf
368 2959 426 3025 the
442 2962 585 3027 matter'’
605 2962 757 3049 accipere
775 2983 963 3049 possumus,
986 2962 1074 3029 mihi
1095 2967 1219 3031 tamen
1239 2964 1311 3031 sin-

194 3074 282 3140 tenis
305 3075 498 3142 coniectura
521 3076 730 3163 probabilior
751 3077 896 3146 videtur.

240 3244 420 3326 cap.22.

237 3359 323 3424 Εἶτα
352 3371 422 3442 τοϊς
452 3363 660 3444 ἡγεμονικοῖς
688 3365 870 3446 παρίστατο
898 3363 1083 3429 όεόοικέναι
1103 3366 1167 3447 τὴν
1188 3367 1307 3447 ἀναρ

193 3477 294 3559 χίαν
315 3477 363 3556 ὡς
383 3475 631 3541 ἀπόστασιν.
1018 3481 1032 3500 '⁴

241 3592 511 3679 Transponenda
545 3600 625 3660 sunt
658 3595 825 3663 vocabula
859 3597 1021 3680 ἀναρχίαν
1052 3602 1085 3662 et
1112 3595 1303 3660 ἀπόστασιν.

198 3707 357 3774 Metuunt
381 3699 475 3774 enim
498 3710 712 3777 centuriones
734 3712 908 3780 tribunive
931 3733 975 3778 ne
994 3717 1250 3779 sacramentum
1271 3712 1303 3776 in

197 3843 324 3888 nornen
347 3822 379 3888 S.
393 3823 428 3889 P.
443 3823 482 3903 Q.
496 3825 536 3890 R.
558 3825 591 3912 (i.
613 3847 639 3901 e.
663 3824 845 3907 ἀπόστασις
859 3849 879 3893 a
891 3827 1013 3915 Galba)
1024 3827 1129 3893 inane
1147 3827 1192 3892 sit
1207 3832 1301 3913 atque

197 3938 387 4024 speciosum
409 3946 625 4026 praetextum
647 3941 803 4009 licentiae
828 3943 1008 4027 (ἀναρχία).

242 4052 290 4118 Of.
315 4052 420 4121 verba
442 4056 690 4123 antecedentia:
716 4056 902 4138 ὀμόσαντες
929 4058 1012 4140 ὑπὲρ
1042 4058 1236 4145 συγκλήτου
1255 4059 1302 4122 καί

235 4196 260 4261 1)
279 4196 296 4247 l.
315 4197 332 4248 l.
352 4215 393 4269 pg.
412 4197 454 4253 25.
