3038 5190
192 703 359 764 memorat
374 703 475 784 atque
494 698 597 763 etiam
617 696 756 762 Gallum
779 702 812 762 et
835 696 1044 783 Spurinnam
1064 701 1146 763 arte
1174 698 1322 764 coniun-

191 813 249 899 git.
270 812 309 879 Ο.
338 812 368 878 5.
389 811 597 893 στρατηγοὺς
618 809 657 873 dd
677 818 747 873 τῶν
774 808 951 890 δυνάμεων
971 809 1153 892 ἐξέπεμψε
1178 811 1323 893 Μάριόν

192 949 230 991 τε
260 926 399 990 Κέλσον
426 928 481 988 καὶ
508 925 719 1007 Σουητώνιον
744 923 915 989 Παυλῖνον
940 924 989 988 ἔτι
1017 943 1055 989 τε
1085 923 1238 990 Γάλλον
1268 930 1324 990 καὶ

195 1041 431 1124 Σπουρίναν.)
1124 1044 1126 1049 ’

238 1157 338 1236 Quod
361 1157 405 1223 ad
428 1178 490 1238 rea,
514 1177 601 1243 quae
623 1178 644 1222 a
666 1155 849 1222 Plutarcho
876 1156 1068 1238 traduntur,
1095 1159 1201 1244 apud
1228 1159 1326 1226 Taci-

194 1279 269 1340 tum
292 1272 537 1352 desiderantur,
557 1276 655 1358 putat
675 1270 918 1337 Gerstenecker
933 1271 1165 1336 Plutarchum
1187 1274 1323 1359 partim

195 1386 304 1452 multa
322 1408 342 1452 a
365 1385 534 1452 consulari
557 1385 695 1451 Mestrio
714 1385 824 1468 Floro,
843 1386 914 1451 eius
933 1386 1052 1467 amicO,
1072 1386 1324 1474 in'colloquiis

195 1501 361 1587 accepisse
378 1522 484 1587 eaque
502 1502 540 1566 in
559 1501 764 1567 narrationis
779 1521 909 1565 nexum
923 1500 1115 1577 inseruisse,
1134 1504 1321 1588 quaedam

195 1636 311 1681 rursus
337 1615 472 1702 petiisse
499 1637 541 1681 ex
564 1615 709 1681 aliorum
732 1616 875 1702 scriptis,
906 1637 1031 1701 magno
1054 1603 1209 1683 numero
1236 1623 1322 1684 teste

196 1729 344 1816 Josepho
367 1731 405 1795 B.
430 1721 456 1795 Ι.
481 1730 541 1798 IV.
566 1732 596 1796 9.
625 1731 654 1796 2.
680 1729 754 1815 (Est
774 1730 868 1796 locus
890 1750 994 1816 supra
1016 1751 1036 1795 a
1058 1750 1115 1795 me
1135 1729 1322 1812 laudatus)

198 1844 503 1932 suppeditantibus,

242 1960 367 2039 Ceteris
389 1958 527 2025 uberius
553 1964 655 2046 atque
678 1981 770 2028 nova
792 1960 922 2026 ratione
947 1960 986 2025 in
1013 1960 1220 2046 quaestione
1244 1985 1322 2030 ver-

197 2082 288 2141 satus
310 2079 359 2140 est
385 2076 509 2140 anns
528 2074 563 2160 2).
595 2075 826 2141 Vehementer
848 2074 1066 2140 Mommsenii
1090 2075 1322 2164 Nisseniique

197 2190 365 2256 rationem
388 2211 427 2256 ac
449 2189 543 2256 viam
566 2188 604 2254 in
625 2190 774 2255 fontium
800 2189 1020 2276 indagatione
1038 2191 1232 2276 impugnat
1256 2215 1323 2258 nec

198 2305 303 2383 aliud,
323 2304 445 2390 inquit,
459 2304 544 2370 haec
555 2305 641 2370 ratio
657 2310 706 2370 est
721 2326 845 2391 „quam
856 2306 1070 2392 scriptorum,
1088 2306 1148 2392 qui
1164 2314 1325 2388 exstant,

200 2420 398 2486 obtrectatio
418 2419 462 2486 ad
486 2425 593 2486 artem
609 2425 643 2485 et
656 2421 824 2486 rationem
840 2420 986 2502 redacta,
1006 2441 1123 2486 eorum
1143 2442 1241 2504 vere,
1260 2424 1323 2509 qui

198 2535 413 2613 interierunt,
437 2556 572 2600 summa
595 2534 778 2601 laudati0.''
803 2536 871 2622 (pg.
898 2536 964 2622 10.)
990 2535 1131 2617 „Immo‚
1155 2535 1323 2604 ubicum-

200 2673 265 2737 que
289 2650 415 2715 similes
441 2650 527 2716 duae
558 2650 768 2715 narrationes
791 2655 935 2732 exstant,
959 2672 1030 2716 non
1054 2649 1170 2715 statim
1193 2653 1322 2718 tertius

200 2766 323 2853 aliquis
340 2766 482 2852 scriptor
502 2765 711 2846 statuendus,
731 2766 789 2832 sed
809 2771 928 2831 mutua
947 2770 981 2831 et
999 2765 1187 2831 similitudo
1205 2773 1242 2833 et
1253 2769 1323 2834 dis·

200 2881 375 2967 crepantia
397 2901 533 2945 summa
552 2880 729 2966 diligentia
747 2880 992 2966 perscrutanda
1013 2885 1045 2945 et
1065 2882 1320 2966 quaerendum,

200 3016 315 3062 nonne
338 2995 485 3061 alterum
511 2995 615 3060 altero
633 3017 733 3061 usum
751 3016 820 3061 esse
836 2995 942 3081 possit
964 2995 1135 3081 cogitari.'’
1160 2993 1320 3085 (pg.12.)

176 3176 178 3179 .
200 3111 309 3197 Igitur
326 3114 434 3176 totam
449 3109 626 3175 Plutarchi
642 3112 873 3176 narrationem
887 3111 1073 3197 exscripsit,
1085 3111 1187 3196 juxta
1199 3114 1321 3197 posuit

201 3225 310 3292 Taciti
333 3247 427 3312 opus,
451 3224 631 3311 inquisivit
653 3247 739 3312 quae
762 3226 806 3292 ad
829 3225 974 3293 verbum
995 3226 1051 3293 vel
1073 3205 1215 3291 liberius
1240 3229 1318 3294 red-

203 3341 275 3406 dita
297 3341 522 3428 desumpserit
543 3339 587 3407 ab
611 3363 649 3407 eo
680 3341 893 3424 Plutarchus,
925 3363 1011 3429 quae
1038 3347 1096 3408 aut
1124 3341 1321 3428 amplifica-

239 3596 264 3659 1)
289 3594 369 3647 Viden
394 3593 588 3646 Gersteneokeri
612 3594 645 3646 de
668 3594 710 3646 his
734 3595 796 3646 locis
821 3594 944 3647 iudicium
969 3595 1050 3646 multo
1075 3593 1234 3661 probabilius
1262 3615 1320 3651 esse

203 3691 331 3744 sententia
349 3691 513 3743 Mommsenii
531 3692 549 3742 l.
568 3692 584 3743 l.
604 3709 645 3758 pg.
665 3691 724 3745 304.
745 3691 813 3757 „Die
831 3691 922 3743 beiden
942 3691 1016 3743 Sittze
1033 3691 1078 3744 des
1097 3691 1203 3744 Tacitus
1222 3693 1274 3760 (Η.
1295 3696 1318 3747 Ι.

202 3790 301 3844 87.11.
322 3790 374 3857 11.)
392 3789 449 3842 sind
468 3789 508 3841 bei
531 3789 585 3841 ihm
604 3790 646 3852 (Ο.
666 3791 702 3858 5.)
725 3790 850 3856 vereinigt
872 3789 941 3854 oder,
965 3806 1037 3840 wenn
1061 3790 1106 3854 sie,
1132 3807 1183 3841 was
1201 3792 1319 3859 mdglich

202 3887 243 3952 ist,
266 3887 447 3954 urspri'mglich
469 3888 746 3954 zusammengehdrten‚
769 3887 810 3939 bei
833 3888 938 3940 Tacitus
962 3887 1318 3956 auseinandergeris·

203 3986 286 4037 sen.”
307 3985 386 4052 (sici).

237 4082 264 4146 2)
282 4083 308 4135 J.
328 4083 440 4136 Lamus.
460 4084 501 4136 De
519 4084 649 4137 Plutarchi
669 4084 696 4135 in
715 4084 798 4136 Galba
817 4094 842 4138 et
861 4085 963 4138 Othone
981 4085 1101 4139 fontibus.
1116 4086 1184 4138 Diae.
1200 4087 1317 4156 Dorpati

203 4180 370 4233 Livonorum.
391 4180 466 4234 1884.
