3038 5190
740 556 783 620 48

207 739 327 827 nisque
351 747 496 808 mortem
520 743 751 812 voluntariam
771 747 911 814 evidens
934 756 992 816 est.
1016 752 1053 816 P.
1079 751 1121 818 Ο.
1150 754 1195 819 18
1220 755 1322 820 Taciti

207 855 410 921 sententiam
433 858 567 944 repetit:
590 857 738 922 ἀπέθανε
759 858 799 923 dd
820 859 996 925 Ὄθων...
1018 863 1199 928 ἀπολιπὼν
1224 865 1264 930 ὁέ
1279 869 1321 949 μὴ

202 969 361 1050 χείρονας
371 968 449 1052 μηδ’
472 970 635 1053 ἐλάττους
649 982 718 1036 τῶν
737 973 797 1036 τὸν
817 974 893 1055 βίον
914 977 1017 1039 αὐτοῦ
1038 978 1229 1060 ψεγόντων
1248 981 1321 1061 τούς

205 1081 432 1165 ἐπαινοῦντας.
461 1087 593 1153 Deinde
613 1088 849 1175 explicationis
866 1111 967 1157 causa
982 1092 1092 1159 addit:
1113 1090 1250 1174 βιώσας
1258 1095 1321 1176 γὰρ

205 1197 306 1263 οὐδέν
327 1200 573 1282 ἐπιεικέστερον
601 1199 766 1282 Νέρωνος
786 1202 955 1267 ἀπέθανεν
982 1206 1244 1290 εὐγενέστερον.
1268 1211 1319 1279 Vi-

204 1314 325 1381 demus
344 1316 566 1382 Plutarchum
589 1317 795 1384 sententiam
817 1340 838 1384 a
854 1319 971 1386 Tacito
987 1320 1132 1407 petitam
1157 1324 1318 1410 quodam-

202 1430 305 1496 modo
328 1430 524 1517 explicasse,
555 1431 613 1496 sed
637 1432 752 1498 minus
775 1438 873 1514 reete,
897 1432 976 1500 licet
999 1435 1076 1500 talis
1107 1440 1316 1525 comparatio

203 1567 273 1611 non
296 1545 481 1612 reiicienda
503 1546 556 1627 sit,
579 1545 687 1612 vitam
710 1568 750 1612 ao
773 1552 918 1613 mortem
943 1547 1088 1614 Othonis
1103 1551 1198 1618 inter
1215 1574 1250 1619 se
1265 1575 1316 1640 op·

202 1680 337 1745 ponere.
361 1660 451 1726 Nam
475 1680 543 1725 nex
567 1659 712 1741 Galbae,
738 1661 834 1727 cuius
864 1662 1014 1729 amicum
1038 1668 1213 1751 sogessit,
1241 1691 1314 1755 prae

201 1773 340 1842 lascivia
356 1774 567 1861 mollitieque
579 1775 651 1840 eius
662 1775 850 1843 iuventutis
861 1777 970 1843 multo
982 1778 1184 1865 flagitiosius
1200 1790 1272 1849 erat
1282 1785 1313 1870 1).

245 1890 340 1956 Haec
359 1912 401 1957 ex
424 1891 475 1972 iis,
498 1911 585 1977 quae
602 1892 830 1958 communiter
848 1893 990 1959 tradunt
1004 1895 1059 1961 vel
1077 1917 1230 1982 quorum
1245 1919 1314 1983 cog·

201 2005 294 2071 natio
317 2005 529 2092 perspicitur,
553 2005 597 2070 ad
621 2005 778 2072 Tacitum
801 2006 977 2074 Plutarchi
996 2015 1171 2076 auctorem
1197 2013 1313 2078 consti-

199 2120 367 2187 tuendum
389 2126 591 2206 argumenta
613 2121 729 2208 petivi.

243 2409 428 2496 Reliquum
452 2414 502 2475 est
523 2414 563 2474 ut
576 2408 791 2496 inquiramus
814 2409 906 2475 unde
922 2409 1127 2477 Plutarchus
1142 2434 1207 2495 res,
1224 2412 1311 2501 apud

198 2525 356 2592 Tacitum
379 2546 450 2590 non
473 2529 697 2604 occurrentes,
721 2523 979 2610 deprompserit.
1004 2525 1160 2604 Quorum
1183 2528 1311 2594 addita-

198 2646 393 2706 mentorum
416 2678 459 2688 -
482 2644 520 2704 ut
542 2639 590 2705 ita
613 2638 725 2704 dicam
749 2676 792 2686 -
815 2638 983 2724 originem
1010 2639 1153 2707 diversis
1184 2643 1312 2728 generi-

196 2755 271 2838 bus,
295 2761 334 2821 ut
357 2775 527 2842 exponere
551 2753 705 2820 conaturi
733 2774 861 2845 sumus,
885 2753 1093 2839 distinguere
1117 2777 1309 2842 possumus:

243 2872 286 2936 10.
322 2869 483 2957 Propriae
499 2868 752 2956 explicationes,
768 2867 956 2954 opiniones,
977 2870 1226 2954 adnotationes,
1245 2871 1311 2940 vel-

197 2992 250 3052 ut:
270 2985 309 3052 G.
331 2987 382 3051 24.
403 2984 445 3050 de
466 2983 612 3050 Othonis
628 2982 794 3048 ministris
809 2982 944 3064 milites,
968 3005 1115 3070 quorum
1138 2985 1225 3052 fides
1243 2987 1310 3053 iarn

197 3106 323 3169 nutans
345 3105 426 3180 erat,
450 3096 757 3184 corrumpentibus:
779 3095 902 3177 οὐγὰρ
916 3094 958 3178 ῆν
974 3099 1111 3180 ἡμερῶν
1130 3101 1310 3181 τεσσάρων

197 3215 300 3298 ἔργον
313 3214 521 3296 ὑγιαίνοντος
536 3209 766 3293 στρατοπέδου
776 3220 984 3293 μεταστῆσαι
999 3214 1114 3288 πίστιν,
1126 3215 1173 3281 i.f.
1190 3217 1233 3283 de
1249 3216 1309 3281 mi-

196 3331 294 3397 liario
310 3351 425 3397 aureo:
439 3336 589 3410 χρυσοῦς
607 3329 698 3401 κίων,
714 3328 762 3407 εἰς
775 3325 816 3388 ὅν
835 3327 869 3403 αἱ
884 3328 1084 3408 τετμημέναι
1098 3338 1159 3411 τῆς
1173 3327 1310 3410 Ἰταλίας

197 3443 272 3508 ὁδοί
285 3453 386 3506 πᾶσαι
404 3442 735 3510 recordandae.
760 3443 805 3508 i.f.
832 3437 905 3501 ὁὸὲ
919 3439 1021 3521 τόπος
1037 3440 1234 3523 Σεσσώριον
1254 3465 1310 3506 κα-

195 3567 309 3633 λεῖται.
332 3560 373 3626 G.
397 3561 453 3624 29:
475 3559 665 3624 maximam
695 3562 827 3645 partem
859 3576 936 3621 suas
960 3557 1001 3623 de
1025 3557 1136 3624 Galba
1159 3564 1311 3625 oontem-

194 3675 362 3763 plationes
384 3672 498 3740 tradit.
523 3671 561 3738 Ο.
579 3673 608 3738 2.
626 3671 668 3738 de
685 3672 867 3758 Tigellino:
889 3670 1058 3752 Ἐλελήῦει
1077 3670 1225 3753 μὲνγὰρ
1245 3671 1310 3755 dep

230 3846 256 3912 1)
275 3845 326 3898 Vel
344 3844 490 3897 Mommsen
507 3860 560 3894 non
578 3842 708 3909 perspexit
721 3842 784 3909 quid
799 3843 867 3908 „duo
879 3842 1009 3894 facinora”
1024 3841 1072 3892 sibi
1091 3840 1179 3893 velint.
1199 3842 1309 3910 l.1.pg.

194 3942 253 3996 316.
277 3942 317 3994 ad.
342 3941 402 3992 Tac.
427 3940 463 3992 H.
487 3940 518 3991 ΙΙ
541 3939 575 3993 50
599 3939 715 4006 „duobus
736 3939 911 3991 facinoribus''
935 3947 982 3991 etc.
1008 3938 1094 4005 „diese
1116 3939 1224 3991 letztere
1248 3940 1312 3992 Fas

193 4056 259 4106 sung
273 4078 367 4091 .....
386 4038 420 4090 ist
439 4036 534 4101 talech3
557 4037 626 4088 denn
648 4036 730 4088 durch
752 4036 828 4088 keine
851 4036 965 4089 einzelne
988 4034 1090 4087 Unthat
1110 4034 1157 4086 der
1179 4051 1245 4087 man
1268 4036 1312 4090 die

192 4135 329 4188 Grossthat
347 4135 431 4188 seinos
448 4133 533 4186 Todes
551 4141 761 4200 entgegensetren
778 4133 883 4198 kdnnte,
904 4133 937 4185 ist
953 4132 1036 4184 Othos
1055 4131 1152 4196 Leben,
1173 4131 1223 4184 das
1244 4150 1312 4200 ganz

191 4233 308 4300 gemeine
325 4233 395 4285 eines
413 4233 498 4283 leeren
517 4229 571 4282 und
588 4233 685 4282 uiisten
704 4228 886 4294 Hofadlichen,
904 4229 941 4280 im
958 4228 1109 4281 Besondern
1131 4227 1313 4282 bezeichnet.”
