3038 5190
741 546 782 613 77

200 759 326 804 rumor
336 737 410 824 rapi
421 737 458 803 in
471 742 580 804 castra
591 737 761 802 incertum
778 757 880 823 quem
898 741 1099 817 senatorem,
1112 746 1194 802 mox
1211 735 1316 802 Otho·

202 875 290 919 nem
313 874 393 934 esse,
416 853 476 939 qui
495 853 708 938 raperetur.;’'
737 850 1012 936 Intellegendum
1042 856 1091 916 est
1118 872 1214 928 nuno
1237 850 1315 916 Gal-

200 967 288 1034 bam
318 968 460 1035 domum
489 968 679 1054 profectum
708 988 787 1032 esse.
822 965 951 1048 „Simul
982 987 1024 1032 ex
1048 970 1118 1032 tota
1148 965 1232 1031 urbe
1256 965 1312 1052 (sc.

201 1081 434 1170 nuntiabant),
465 1087 504 1148 ut
535 1083 677 1169 quisque
709 1081 830 1149 obvius
856 1082 966 1147 fuerat
987 1087 1044 1161 (sc.
1074 1080 1226 1168 Galbae),
1258 1079 1316 1146 alii

200 1197 387 1263 formidine
410 1202 580 1283 augentes,
605 1196 745 1284 quidam
762 1196 897 1262 minora
915 1218 1005 1277 vero,
1022 1217 1065 1262 ne
1085 1200 1160 1261 turn
1176 1194 1315 1282 quidem

201 1312 302 1379 obliti
323 1312 560 1379 adulationis.''
586 1311 695 1378 Galba
714 1312 807 1378 domi
824 1317 884 1393 est,
904 1311 1027 1398 ,igitur
1042 1310 1314 1377 consultantibus

201 1426 333 1514 placuit
356 1429 439 1494 etc.’'
459 1427 585 1494 Omnia
609 1427 732 1493 deinde
749 1426 835 1493 bene
856 1427 1050 1493 decurrunt.

249 1542 304 1607 Ad
328 1541 502 1608 Plutarchi
526 1542 773 1629 expositionem
793 1548 1015 1609 transeamus.
1041 1538 1103 1620 Εἰς
1124 1539 1163 1602 όὲ
1183 1539 1223 1603 τό
1245 1537 1316 1602 Πα-

202 1654 321 1717 λάτιον
348 1655 450 1736 εὐθὺς
474 1655 538 1735 μὲν
566 1654 736 1738 ἀπηγγέλη
764 1663 812 1735 τῷ
837 1654 952 1736 Γάλβᾳ
980 1655 1149 1735 παρόντος
1177 1655 1226 1717 ότι
1256 1664 1315 1717 τοῦ
1381 1650 1384 1656 ’

203 1768 311 1831 όότσυ
330 1772 384 1833 καὶ
405 1778 475 1862 τῶν
495 1772 597 1851 ἱερῶν
617 1771 656 1833 ἐν
667 1772 785 1853 χερσὶν
808 1769 927 1845 ὄντων,
944 1769 1032 1832 ὥστε
1050 1770 1105 1831 καὶ
1126 1776 1187 1835 etc.
1213 1768 1318 1834 Aedis

207 1865 404 1971 Appollinis
429 1886 466 1951 in
489 1886 620 1953 Palatio
652 1891 732 1967 erat,
765 1907 868 1972 quare
892 1892 981 1952 recte
1004 1886 1096 1952 haec¹
1117 1907 1153 1950 se
1177 1884 1315 1951 habent.

207 1999 303 2077 Quae
319 2006 516 2087 sequuntur,
534 2006 688 2067 contorta
704 2007 795 2066 sunt:
821 1999 925 2083 ὄχλου
946 1998 984 2061 dd
1004 1998 1218 2062 πανταόαπου
1239 2012 1316 2080 συρ-

208 2115 350 2196 ρέοντος
370 2114 411 2196 ἐξ
435 2115 571 2197 ἀγορᾶς,
597 2117 688 2195 αὐτῷ
711 2116 775 2194 μὲν
801 2114 930 2197 Οὐίνιος
949 2118 1004 2180 ιιαί
1024 2115 1149 2179 Λάκων
1173 2116 1228 2178 ιιαί
1248 2123 1318 2178 τῶν

209 2226 448 2308 ἀπελευθέρων
462 2229 543 2292 ἔνιοι
557 2229 668 2311 γυμνὰ
684 2229 724 2292 τὰ
738 2228 817 2311 ξίφη
838 2224 1073 2312 προϊσχόμενοι
1093 2231 1316 2311 παρέστησαν,

204 2340 285 2404 odd
310 2340 455 2418 Haeo-v,
473 2342 652 2425 προελθὼν
680 2352 749 2424 τοῖς
774 2343 979 2426 φυλάττουσι
1004 2345 1065 2428 τὴν
1089 2342 1195 2424 αὐλὴν
1217 2341 1314 2424 όορυ-

203 2457 326 2539 φόροις
345 2457 557 2540 ἐνετύγχανε.
580 2458 779 2545 Colligimus
801 2481 843 2525 ex
867 2460 932 2526 hoc
950 2459 1024 2525 loco
1042 2460 1195 2541 Vinium,
1213 2459 1316 2524 Laco·

202 2595 295 2655 nem,
326 2573 474 2653 libertos,
506 2573 652 2640 Galbam
676 2573 875 2640 defendisse.
907 2574 960 2639 Ita
992 2595 1071 2642 vero
1105 2595 1157 2639 res
1180 2594 1214 2638 se
1244 2594 1315 2638 non
1383 2581 1384 2584 ’

202 2687 337 2770 habuit,
364 2710 446 2754 nam
477 2687 573 2775 plebs
604 2710 622 2755 e
652 2689 724 2755 foro
755 2709 959 2754 concurrens
983 2687 1097 2754 adhuc
1119 2688 1156 2752 in
1187 2686 1316 2753 Galbae

203 2802 360 2890 partibus
381 2802 500 2869 stabat.
528 2803 683 2868 Fortasse
707 2801 816 2869 Galba
840 2801 1082 2868 comitantibus
1104 2802 1207 2870 Vinio
1232 2808 1316 2868 cete·
1397 2876 1408 2893 ρ

203 2917 319 3016 risque
340 2917 481 2983 domum
504 2917 614 2999 rediit,
640 2917 764 2983 deinde
788 2917 1016 2984 consultatum
1040 2922 1099 2999 est,
1125 2916 1217 2982 unde
1239 2913 1316 2977 Πελ-

179 3020 181 3024 ’
204 3045 277 3094 σων
297 3031 476 3112 προελθὼν
497 3042 567 3112 τοῖς
587 3031 791 3115 φυλάττουσι
812 3033 873 3112 τὴν
894 3030 1000 3112 οὐλὴν
1020 3031 1236 3113 ἐνετύγχανε.
1257 3030 1315 3095 ΑΙ-

205 3147 414 3212 locutionem
437 3148 578 3229 Pisonis,
603 3170 707 3235 quam
728 3149 805 3215 Tac.
831 3150 882 3214 29.
907 3148 1020 3231 tradit,
1042 3155 1155 3214 noster
1178 3147 1313 3213 omittit.
1371 3151 1378 3156 ’

208 3261 327 3327 Cetera
353 3261 439 3328 bene
461 3244 553 3349 apud
577 3284 655 3328 eum
678 3262 872 3329 decurrunt.

252 3377 349 3458 Gap.
361 3380 417 3447 2¹1.
432 3369 510 3441 Ἦιιε
531 3375 570 3439 dt
589 3379 644 3440 υαὶ
672 3377 806 3459 Μάριος
830 3376 968 3458 Κέλσος
994 3379 1043 3457 εἰς
1063 3379 1124 3460 τὴν
1150 3376 1314 3458 παρεμβό-

206 3491 281 3573 λην.
302 3493 406 3561 Venit
428 3499 462 3558 et
483 3493 612 3560 Marius
636 3492 751 3559 Gelsus
781 3494 819 3558 in
843 3501 960 3561 castra.
984 3494 1230 3580 Exspectamus
1256 3494 1316 3579 igi-

206 3613 263 3674 tur
285 3605 355 3673 iam
385 3607 469 3674 alios
498 3608 535 3673 in
558 3614 666 3674 castra
690 3631 724 3674 se
755 3608 945 3691 contulisse,
977 3609 1036 3675 sed
1059 3600 1191 3676 nullam
1214 3609 1316 3674 huius

205 3723 255 3788 rai
271 3723 482 3789 mentionem
494 3722 696 3790 Plutarchus
707 3724 796 3790 facit.
813 3725 890 3791 Tac.
908 3725 953 3790 H.
971 3725 997 3791 Ι.
1016 3716 1058 3790 45
1073 3715 1189 3807 ,ruere
1201 3724 1315 3790 cuncti

205 3837 243 3902 in
263 3842 387 3919 castra3
407 3838 535 3904 anteire
551 3839 735 3925 proximos
753 3844 879 3905 certare
899 3861 977 3904 cum
1000 3837 1313 3926 praecurrentibus3

206 3953 383 4039 increpare
407 3952 563 4034 Galbam,
587 3952 726 4019 laudare
750 3953 901 4019 militum
924 3954 1100 4036 iudicium,
1126 3953 1314 4021 exosculari

207 4067 353 4133 Othonis
383 4090 535 4134 manum.
559 4107 602 4116 -
626 4068 774 4135 Marium
807 4068 942 4134 Gelsum
965 4108 1009 4118 -
1033 4070 1077 4136 ad
1107 4068 1314 4156 supplicium

207 4182 480 4269 expostulabant,
503 4221 547 4230 -
570 4183 618 4249 ita
640 4183 855 4249 simulatione
878 4185 947 4250 irae
971 4184 1092 4252 vinciri
1115 4185 1245 4250 iussum
1270 4223 1314 4233 —
