3038 5190
744 534 784 596 ol

202 723 331 805 τρόπον
359 723 431 785 τινά
452 721 507 802 βία
529 722 612 802 τοὺς.
630 721 811 803 ἡγεμόνας,
835 720 949 800 ὥσπερ
975 719 1130 801 ἡνιόχους
1159 729 1323 801 κρατῆσαι

197 837 352 921 χαλινῶν
359 838 405 919 μὴ
417 836 634 920 ὁυνηόέντας,
649 837 698 916 είς
709 837 822 918 μάχην
836 833 1062 916 ἐξενεγκόντα
1073 833 1231 916 μεγάλην
1246 848 1322 895 συν-

200 952 367 1035 έρραξαν,
404 955 458 1014 ναί
490 950 664 1030 Οὐίνὸινιος
685 950 808 1013 ἑαυτόν
837 949 1023 1029 ἀνελόντος
1057 948 1109 1011 ἐπί
1144 947 1327 1028 ὁισμυρίοις

202 1067 370 1130 Γαλατῶν
384 1075 523 1130 πεσοῦσι
545 1065 662 1148 ὁιηλάε
683 1064 791 1147 λόγος
812 1071 873 1131 etc.

250 1184 482 1271 Conspicuum
500 1190 549 1248 est
572 1181 796 1248 Plutarchum
819 1179 969 1248 breviter
993 1202 1099 1266 eaque
1123 1202 1159 1245 ro
1183 1179 1325 1246 obscure

201 1326 356 1391 pugnam
387 1304 695 1372 Vesontionensem
720 1300 919 1368 describere.
944 1300 1043 1365 Idem
1075 1306 1191 1387 postea
1213 1301 1251 1365 in
1275 1306 1327 1366 tu-

202 1419 315 1486 multu
338 1421 468 1495 Romae
492 1424 525 1484 et
548 1417 637 1484 bello
661 1418 698 1483 in
723 1417 836 1484 Gallia
860 1415 1035 1503 Cisalpina
1058 1423 1151 1501 gesto
1173 1415 1324 1482 offendit.

205 1534 309 1602 Unde
336 1534 374 1600 fit
405 1540 444 1600 ut
467 1533 595 1600 claram
622 1554 737 1598 rerum
761 1532 950 1616 imaginem
974 1552 991 1596 e
1015 1531 1190 1596 Plutarchi
1214 1529 1327 1597 verbis

203 1649 305 1716 nobis
321 1650 480 1735 effingere
495 1670 715 1735 nequeamus.
731 1649 785 1727 De
812 1647 967 1714 Vindicis
991 1647 1119 1733 coeptis
1142 1668 1326 1734 pugnaque

201 1765 468 1833 Vesontionensi
492 1762 631 1829 uberius
645 1764 722 1850 agit
747 1764 782 1828 C.
807 1762 883 1828 Dio.
909 1764 961 1828 63.
980 1763 1120 1843 22-24,
1145 1784 1249 1849 quem
1272 1784 1328 1829 ve-

200 1881 265 1945 lim
290 1884 386 1945 caute
408 1878 579 1965 inspicias.
604 1878 788 1943 Vindicem
812 1877 905 1942 enim
930 1875 1059 1942 Galbac
1083 1877 1228 1963 imperio
1251 1884 1325 1942 tan·

202 2003 280 2061 tum
297 1993 550 2060 studuisseiure
566 1993 603 2058 in
621 1991 766 2058 dubium
783 2000 934 2059 vocatur.
953 1992 1107 2077 Verginii
1125 1999 1227 2078 atque
1244 1992 1328 2059 Vin-

201 2111 289 2176 dicis
312 2093 480 2175 cxercitus
501 2108 619 2203 invitis
644 2107 788 2174 ducibus
811 2107 848 2171 in
871 2106 1041 2193 proelium
1074 2128 1232 2172 accensos
1255 2129 1326 2172 esse

205 2247 269 2312 pro
301 2230 391 2290 certo
422 2223 532 2289 habeo
563 2231 595 2289 et
627 2223 779 2310 suspicor
815 2222 1019 2307 Verginium
1057 2228 1217 2288 conatum
1256 2245 1327 2288 esse

201 2340 342 2428 placida
364 2339 495 2405 ratione
520 2338 711 2404 Galliarum
743 2344 875 2402 motum
909 2337 1035 2403 sedare.
1066 2336 1234 2403 Gallicam
1265 2338 1328 2404 sal-

202 2461 276 2520 tem
297 2453 519 2520 rebellionem
543 2454 737 2541 opprimere
769 2454 806 2518 in
838 2452 954 2518 animo
978 2451 1109 2518 habuit.
1142 2453 1182 2518 cf.
1209 2453 1248 2518 G.
1274 2454 1325 2518 10.

205 2569 402 2654 Verginius,
415 2569 553 2649 μεγίστη
568 2569 654 2650 ῥοπὴ
670 2577 740 2649 τοῖς
756 2567 924 2646 Ῥωμαίων
938 2567 1110 2649 πράγμασι
1129 2567 1328 2648 τυραννίὸος

203 2683 292 2761 ὁμοῦ
303 2681 455 2765 χαλεπῆς
475 2685 530 2745 ναὶ
545 2683 742 2746 Γαλατικῶν
756 2682 914 2762 πολέμων
929 2680 1109 2763 ἀπαλλαγῇ
1129 2681 1327 2762 γενόμενος.

252 2799 350 2879 Cap.
374 2801 411 2867 6.
435 2793 531 2878 oddag
559 2797 598 2860 ὁὲ
611 2798 698 2877 μετά
720 2807 789 2860 τῶν
811 2796 921 2879 φίλων
943 2798 991 2876 είς
1013 2794 1195 2869 Κλουνίαν,
1219 2793 1328 2878 Ἰβηρι-

183 2927 186 2932 ·
205 2913 272 2994 μὴν
286 2911 392 2987 πόλιν,
408 2913 635 2994 ἀναχωρήσας
649 2913 688 2975 ἐν
702 2920 750 2992 τῷ
762 2922 943 2991 μετανοεῖν
957 2913 1032 2992 περί
1046 2919 1115 2972 τῶν
1130 2911 1329 2992 γεγονότων

203 3031 262 3091 ναί
282 3028 400 3091 ποόεῑν
413 3029 475 3110 τὴν
490 3027 618 3110 συνήθη
633 3030 688 3090 καί
702 3028 898 3109 σύντροφον
913 3026 1175 3108 ἀπραγμοσύνην
1193 3025 1328 3106 μᾶλλον

204 3146 226 3224 ἢ
249 3143 406 3225 πράττειν
427 3164 456 3205 τι
478 3152 543 3205 τῶν
565 3145 760 3225 (ἀναγκαίων
781 3142 947 3224 όιέτριβεν
968 3143 1024 3228 (sc.
1050 3142 1182 3230 Galba).

252 3258 456 3325 Plutarchus
483 3281 561 3324 cum
585 3260 707 3339 tradat,
732 3281 819 3346 quae
853 3257 917 3323 sibi
946 3258 1111 3323 momenti
1143 3279 1212 3322 esse
1237 3258 1329 3324 vide·

205 3380 320 3454 antur,
343 3375 380 3440 in
404 3375 649 3461 negligentiam
674 3375 833 3461 delapsus
857 3380 915 3439 est.
941 3374 1030 3439 Nam
1054 3378 1156 3438 antea
1180 3373 1327 3439 Galbam

207 3491 352 3556 Cluniae
372 3497 621 3556 commoratum
639 3513 710 3556 esse
734 3513 804 3555 non
829 3495 954 3555 narrat.
973 3489 1050 3553 Hoc
1067 3495 1182 3554 tamen
1201 3511 1218 3553 e
1238 3488 1328 3555 Suet.

209 3606 250 3671 G.
277 3608 306 3671 9.
331 3605 444 3691 colligi
468 3613 590 3693 potest:
619 3607 730 3694 „quod
756 3606 875 3672 eadem
906 3605 967 3669 illa
990 3603 1144 3669 carmina
1174 3604 1329 3668 sacerdos

208 3721 302 3788 Iovis
326 3720 468 3786 Cluniae
491 3742 533 3785 ex
557 3721 724 3807 penetrali
747 3720 880 3785 sonmio
905 3718 1056 3783 monitus
1075 3719 1239 3783 eruerat.'’
1261 3718 1331 3783 Eti-

208 3858 267 3902 am
298 3836 424 3901 omitt‘t
458 3836 550 3901 unde
582 3835 691 3902 Galba
724 3837 883 3902 Cluuiam
918 3834 1103 3901 reverterit.
1135 3834 1248 3898 Huius
1283 3835 1330 3899 rei

208 3950 369 4017 notitiam
391 3951 552 4016 Suetonio
576 3951 748 4017 debemus.
774 3953 813 4017 G.
839 3954 868 4016 9.
897 3948 1124 4033 „Carthagine
1144 3970 1233 4014 nova
1254 3970 1331 4013 con-

212 4074 402 4082 ——-...-.
407 4075 416 4079 -

210 4110 364 4176 Augustam,
384 4109 456 4161 cuins
474 4118 499 4162 ct
523 4111 598 4162 vivae
621 4111 703 4175 gratia
727 4111 867 4177 plurimum
891 4109 972 4161 valuit
998 4116 1022 4158 et
1042 4115 1158 4157 mortuae
1177 4115 1330 4160 testamento

210 4224 294 4273 paene
312 4207 408 4259 ditatus
426 4208 491 4259 est.''
