<?xml version="1.0" encoding="UTF-8"?>
<!DOCTYPE html PUBLIC "-//W3C//DTD XHTML 1.0 Transitional//EN"
    "http://www.w3.org/TR/xhtml1/DTD/xhtml1-transitional.dtd">
<html xmlns="http://www.w3.org/1999/xhtml" xml:lang="en" lang="en">
 <head>
  <title>
</title>
<meta http-equiv="Content-Type" content="text/html;charset=utf-8" />
  <meta name='ocr-system' content='tesseract 3.04.00' />
  <meta name='ocr-capabilities' content='ocr_page ocr_carea ocr_par ocr_line ocrx_word'/>
</head>
<body>
  <div class='ocr_page' id='page_1' title='image "./studiainplutarc00almagoog_0075.png"; bbox 0 0 3030 5190; ppageno 0'>
   <div class='ocr_carea' id='block_1_1' title="bbox 733 551 775 616">
    <p class='ocr_par' dir='ltr' id='par_1_1' title="bbox 733 551 775 616">
     <span class='ocr_line' id='line_1_1' title="bbox 733 551 775 616; baseline 0.071 -3"><span class='ocrx_word' id='word_1_1' title='bbox 733 551 775 616; x_wconf 83' lang='lat'>50</span> 
     </span>
    </p>
   </div>
   <div class='ocr_carea' id='block_1_2' title="bbox 195 741 1371 4092">
    <p class='ocr_par' dir='ltr' id='par_1_2' title="bbox 195 741 1339 1177">
     <span class='ocr_line' id='line_1_2' title="bbox 196 741 1322 828; baseline -0.002 -18"><span class='ocrx_word' id='word_1_2' title='bbox 196 745 235 810; x_wconf 90' lang='grc' dir='ltr'>Ο.</span> <span class='ocrx_word' id='word_1_3' title='bbox 262 749 313 809; x_wconf 76' lang='lat' dir='ltr'>IS.</span> <span class='ocrx_word' id='word_1_4' title='bbox 337 741 443 804; x_wconf 78' lang='grc' dir='ltr'><strong><em>Εῖὸον</em></strong></span> <span class='ocrx_word' id='word_1_5' title='bbox 466 742 505 804; x_wconf 83' lang='grc' dir='ltr'>ὁὲ</span> <span class='ocrx_word' id='word_1_6' title='bbox 525 743 564 804; x_wconf 81' lang='grc' dir='ltr'>ἐν</span> <span class='ocrx_word' id='word_1_7' title='bbox 585 741 755 824; x_wconf 73' lang='grc' dir='ltr'>Βριξίλλῳ</span> <span class='ocrx_word' id='word_1_8' title='bbox 777 744 966 825; x_wconf 73' lang='grc' dir='ltr'><strong><em>γενόμενος</em></strong></span> <span class='ocrx_word' id='word_1_9' title='bbox 986 748 1040 807; x_wconf 89' lang='grc' dir='ltr'>καὶ</span> <span class='ocrx_word' id='word_1_10' title='bbox 1051 755 1167 827; x_wconf 79' lang='grc' dir='ltr'><strong><em>μνῆμα</em></strong></span> <span class='ocrx_word' id='word_1_11' title='bbox 1179 748 1322 828; x_wconf 83' lang='grc' dir='ltr'><strong><em>μέτριον</em></strong></span> 
     </span>
     <span class='ocr_line' id='line_1_3' title="bbox 195 857 1334 946; baseline 0.004 -23"><span class='ocrx_word' id='word_1_12' title='bbox 195 866 257 924; x_wconf 88' lang='lat' dir='ltr'>etc.</span> <span class='ocrx_word' id='word_1_13' title='bbox 291 860 395 923; x_wconf 86' lang='lat' dir='ltr'>Recte</span> <span class='ocrx_word' id='word_1_14' title='bbox 419 859 664 924; x_wconf 73' lang='lat' dir='ltr'>Gersteneclrer</span> <span class='ocrx_word' id='word_1_15' title='bbox 684 860 712 946; x_wconf 83' lang='lat'>1)</span> <span class='ocrx_word' id='word_1_16' title='bbox 734 857 928 925; x_wconf 79' lang='lat' dir='ltr'>observavit</span> <span class='ocrx_word' id='word_1_17' title='bbox 951 859 1092 926; x_wconf 86' lang='lat' dir='ltr'>Florum</span> <span class='ocrx_word' id='word_1_18' title='bbox 1116 861 1155 926; x_wconf 89' lang='lat' dir='ltr'>in</span> <span class='ocrx_word' id='word_1_19' title='bbox 1178 861 1243 926; x_wconf 90' lang='lat' dir='ltr'>hoc</span> <span class='ocrx_word' id='word_1_20' title='bbox 1265 863 1334 927; x_wconf 88' lang='lat' dir='ltr'>iti-</span> 
     </span>
     <span class='ocr_line' id='line_1_4' title="bbox 196 973 1339 1060; baseline 0.003 -22"><span class='ocrx_word' id='word_1_21' title='bbox 196 996 277 1039; x_wconf 93' lang='lat' dir='ltr'>nere</span> <span class='ocrx_word' id='word_1_22' title='bbox 302 996 373 1041; x_wconf 92' lang='lat' dir='ltr'>non</span> <span class='ocrx_word' id='word_1_23' title='bbox 397 973 507 1040; x_wconf 91' lang='lat' dir='ltr'>solum</span> <span class='ocrx_word' id='word_1_24' title='bbox 535 975 576 1039; x_wconf 95' lang='lat' dir='ltr'>de</span> <span class='ocrx_word' id='word_1_25' title='bbox 600 996 783 1060; x_wconf 92' lang='lat' dir='ltr'>corporum</span> <span class='ocrx_word' id='word_1_26' title='bbox 803 996 924 1041; x_wconf 81' lang='lat' dir='ltr'>acervo</span> <span class='ocrx_word' id='word_1_27' title='bbox 944 997 1023 1040; x_wconf 89' lang='lat' dir='ltr'>cam</span> <span class='ocrx_word' id='word_1_28' title='bbox 1042 976 1230 1041; x_wconf 79' lang='lat' dir='ltr'>Plutarcho</span> <span class='ocrx_word' id='word_1_29' title='bbox 1253 977 1339 1041; x_wconf 89' lang='lat' dir='ltr'>col·</span> 
     </span>
     <span class='ocr_line' id='line_1_5' title="bbox 195 1088 1265 1177; baseline 0.003 -24"><span class='ocrx_word' id='word_1_30' title='bbox 195 1089 350 1155; x_wconf 91' lang='lat' dir='ltr'>locatum</span> <span class='ocrx_word' id='word_1_31' title='bbox 374 1111 455 1170; x_wconf 88' lang='lat' dir='ltr'>esse,</span> <span class='ocrx_word' id='word_1_32' title='bbox 479 1089 537 1154; x_wconf 89' lang='lat' dir='ltr'>sed</span> <span class='ocrx_word' id='word_1_33' title='bbox 562 1095 672 1154; x_wconf 87' lang='lat' dir='ltr'>totam</span> <span class='ocrx_word' id='word_1_34' title='bbox 697 1088 779 1154; x_wconf 92' lang='lat' dir='ltr'>belli</span> <span class='ocrx_word' id='word_1_35' title='bbox 803 1111 941 1155; x_wconf 88' lang='lat' dir='ltr'>cursum</span> <span class='ocrx_word' id='word_1_36' title='bbox 965 1091 995 1156; x_wconf 93' lang='lat' dir='ltr'>ei</span> <span class='ocrx_word' id='word_1_37' title='bbox 1019 1091 1227 1177; x_wconf 85' lang='lat' dir='ltr'>depinxisse.</span> <span class='ocrx_word' id='word_1_38' title='bbox 1240 1093 1265 1177; x_wconf 78' lang='lat'>2)</span> 
     </span>
    </p>

    <p class='ocr_par' dir='ltr' id='par_1_3' title="bbox 197 1203 1331 2198">
     <span class='ocr_line' id='line_1_6' title="bbox 243 1203 1328 1272; baseline 0.002 -5"><span class='ocrx_word' id='word_1_39' title='bbox 243 1204 400 1269; x_wconf 81' lang='lat' dir='ltr'>Alterum</span> <span class='ocrx_word' id='word_1_40' title='bbox 425 1203 502 1269; x_wconf 88' lang='lat' dir='ltr'>talis</span> <span class='ocrx_word' id='word_1_41' title='bbox 525 1225 607 1270; x_wconf 86' lang='lat' dir='ltr'>voce</span> <span class='ocrx_word' id='word_1_42' title='bbox 632 1204 777 1269; x_wconf 77' lang='lat' dir='ltr'>traditae</span> <span class='ocrx_word' id='word_1_43' title='bbox 801 1204 850 1268; x_wconf 92' lang='lat' dir='ltr'>rei</span> <span class='ocrx_word' id='word_1_44' title='bbox 872 1204 1041 1270; x_wconf 92' lang='lat' dir='ltr'>indicium</span> <span class='ocrx_word' id='word_1_45' title='bbox 1065 1211 1185 1272; x_wconf 83' lang='lat' dir='ltr'>exstat.</span> <span class='ocrx_word' id='word_1_46' title='bbox 1218 1206 1256 1271; x_wconf 92' lang='grc' dir='ltr'>Ο.</span> <span class='ocrx_word' id='word_1_47' title='bbox 1287 1208 1328 1271; x_wconf 87' lang='grc'>9.</span> 
     </span>
     <span class='ocr_line' id='line_1_7' title="bbox 198 1319 1331 1405; baseline 0 -23"><span class='ocrx_word' id='word_1_48' title='bbox 198 1319 397 1405; x_wconf 83' lang='lat' dir='ltr'>(inquiritur</span> <span class='ocrx_word' id='word_1_49' title='bbox 428 1319 463 1382; x_wconf 92' lang='lat' dir='ltr'>in</span> <span class='ocrx_word' id='word_1_50' title='bbox 497 1340 624 1400; x_wconf 85' lang='lat' dir='ltr'>causas,</span> <span class='ocrx_word' id='word_1_51' title='bbox 657 1340 717 1383; x_wconf 90' lang='lat' dir='ltr'>cur</span> <span class='ocrx_word' id='word_1_52' title='bbox 747 1325 818 1389; x_wconf 82' lang='lat' dir='ltr'>tam</span> <span class='ocrx_word' id='word_1_53' title='bbox 846 1340 990 1405; x_wconf 91' lang='lat' dir='ltr'>propere</span> <span class='ocrx_word' id='word_1_54' title='bbox 1022 1319 1113 1386; x_wconf 89' lang='lat' dir='ltr'>Otho</span> <span class='ocrx_word' id='word_1_55' title='bbox 1145 1321 1331 1386; x_wconf 83' lang='lat' dir='ltr'>decertare</span> 
     </span>
     <span class='ocr_line' id='line_1_8' title="bbox 199 1431 1329 1518; baseline 0 -21"><span class='ocrx_word' id='word_1_56' title='bbox 199 1432 376 1518; x_wconf 82' lang='lat' dir='ltr'>statuerit.)</span> <span class='ocrx_word' id='word_1_57' title='bbox 401 1431 500 1494; x_wconf 76' lang='grc' dir='ltr'><strong><em>Δοκεῖ</em></strong></span> <span class='ocrx_word' id='word_1_58' title='bbox 512 1431 551 1493; x_wconf 74' lang='lat' dir='ltr'>dd</span> <span class='ocrx_word' id='word_1_59' title='bbox 569 1431 657 1513; x_wconf 85' lang='grc' dir='ltr'>μηὸἐ</span> <span class='ocrx_word' id='word_1_60' title='bbox 674 1432 777 1512; x_wconf 74' lang='grc' dir='ltr'><em>αὐτὸς</em></span> <span class='ocrx_word' id='word_1_61' title='bbox 797 1431 905 1495; x_wconf 66' lang='lat' dir='ltr'>’Odon</span> <span class='ocrx_word' id='word_1_62' title='bbox 926 1433 1151 1516; x_wconf 76' lang='grc' dir='ltr'><strong><em>ἐξαναφέρειν</em></strong></span> <span class='ocrx_word' id='word_1_63' title='bbox 1166 1435 1216 1497; x_wconf 81' lang='grc' dir='ltr'>ἔτι</span> <span class='ocrx_word' id='word_1_64' title='bbox 1233 1435 1329 1516; x_wconf 70' lang='grc' dir='ltr'><strong><em>πρὸς</em></strong></span> 
     </span>
     <span class='ocr_line' id='line_1_9' title="bbox 198 1545 1328 1630; baseline 0.003 -23"><span class='ocrx_word' id='word_1_65' title='bbox 198 1547 259 1628; x_wconf 85' lang='grc' dir='ltr'>την</span> <span class='ocrx_word' id='word_1_66' title='bbox 281 1545 473 1627; x_wconf 75' lang='grc' dir='ltr'><em>ἀδηλότητα</em></span> <span class='ocrx_word' id='word_1_67' title='bbox 490 1545 578 1627; x_wconf 83' lang='grc' dir='ltr'>μηὸἐ</span> <span class='ocrx_word' id='word_1_68' title='bbox 598 1547 776 1624; x_wconf 83' lang='grc' dir='ltr'><strong><em>ὑπομένειν</em></strong></span> <span class='ocrx_word' id='word_1_69' title='bbox 797 1545 916 1627; x_wconf 72' lang='grc' dir='ltr'>ἀηθείᾳ</span> <span class='ocrx_word' id='word_1_70' title='bbox 936 1550 991 1609; x_wconf 84' lang='grc' dir='ltr'>καὶ</span> <span class='ocrx_word' id='word_1_71' title='bbox 1011 1547 1221 1630; x_wconf 77' lang='grc' dir='ltr'><em>μαλακότητι</em></span> <span class='ocrx_word' id='word_1_72' title='bbox 1239 1550 1328 1628; x_wconf 64' lang='grc' dir='ltr'>τοὺς</span> 
     </span>
     <span class='ocr_line' id='line_1_10' title="bbox 197 1659 1322 1745; baseline 0.001 -23"><span class='ocrx_word' id='word_1_73' title='bbox 197 1663 272 1741; x_wconf 79' lang='grc' dir='ltr'><strong><em>περὶ</em></strong></span> <span class='ocrx_word' id='word_1_74' title='bbox 296 1669 365 1722; x_wconf 84' lang='grc' dir='ltr'>τῶν</span> <span class='ocrx_word' id='word_1_75' title='bbox 387 1659 508 1722; x_wconf 86' lang='grc' dir='ltr'><strong><em>ὁεινῶν</em></strong></span> <span class='ocrx_word' id='word_1_76' title='bbox 527 1659 717 1741; x_wconf 77' lang='grc' dir='ltr'><strong><em>λογισμούς,</em></strong></span> <span class='ocrx_word' id='word_1_77' title='bbox 739 1661 988 1741; x_wconf 71' lang='grc' dir='ltr'><strong><em>ἐκπονούμενος</em></strong></span> <span class='ocrx_word' id='word_1_78' title='bbox 1009 1661 1049 1724; x_wconf 85' lang='grc' dir='ltr'>ὁὲ</span> <span class='ocrx_word' id='word_1_79' title='bbox 1069 1673 1143 1743; x_wconf 73' lang='grc' dir='ltr'>ταῖς</span> <span class='ocrx_word' id='word_1_80' title='bbox 1163 1664 1322 1745; x_wconf 67' lang='grc' dir='ltr'>φροντίσι</span> 
     </span>
     <span class='ocr_line' id='line_1_11' title="bbox 199 1773 1312 1858; baseline 0 -21"><span class='ocrx_word' id='word_1_81' title='bbox 199 1774 354 1837; x_wconf 85' lang='grc' dir='ltr'><strong><em>σπεύὸειν</em></strong></span> <span class='ocrx_word' id='word_1_82' title='bbox 377 1773 669 1856; x_wconf 70' lang='grc' dir='ltr'><strong><em>ἐγκαλυψάμενος,</em></strong></span> <span class='ocrx_word' id='word_1_83' title='bbox 696 1776 810 1857; x_wconf 76' lang='grc' dir='ltr'><strong><em>ὥσπερ</em></strong></span> <span class='ocrx_word' id='word_1_84' title='bbox 833 1775 899 1838; x_wconf 86' lang='grc' dir='ltr'>α’πό</span> <span class='ocrx_word' id='word_1_85' title='bbox 921 1785 1080 1858; x_wconf 84' lang='grc' dir='ltr'><strong><em>κρημνοῦ,</em></strong></span> <span class='ocrx_word' id='word_1_86' title='bbox 1103 1776 1256 1855; x_wconf 70' lang='grc' dir='ltr'><strong><em>μεθεῖναι</em></strong></span> <span class='ocrx_word' id='word_1_87' title='bbox 1271 1777 1312 1838; x_wconf 73' lang='grc' dir='ltr'>τὰ</span> 
     </span>
     <span class='ocr_line' id='line_1_12' title="bbox 198 1888 1306 1973; baseline 0.001 -21"><span class='ocrx_word' id='word_1_88' title='bbox 198 1891 375 1972; x_wconf 79' lang='grc' dir='ltr'>πράγματα</span> <span class='ocrx_word' id='word_1_89' title='bbox 407 1888 491 1969; x_wconf 74' lang='grc' dir='ltr'><strong><em>πρὸς</em></strong></span> <span class='ocrx_word' id='word_1_90' title='bbox 517 1888 556 1951; x_wconf 88' lang='grc' dir='ltr'>τὸ</span> <span class='ocrx_word' id='word_1_91' title='bbox 582 1889 758 1972; x_wconf 78' lang='grc' dir='ltr'><strong><em>συντυχόν.</em></strong></span> <span class='ocrx_word' id='word_1_92' title='bbox 787 1889 868 1952; x_wconf 82' lang='grc' dir='ltr'>Καί</span> <span class='ocrx_word' id='word_1_93' title='bbox 892 1899 1011 1953; x_wconf 85' lang='grc' dir='ltr'>τοῦτο</span> <span class='ocrx_word' id='word_1_94' title='bbox 1035 1890 1110 1970; x_wconf 83' lang='grc' dir='ltr'>μὲν</span> <span class='ocrx_word' id='word_1_95' title='bbox 1142 1889 1306 1973; x_wconf 80' lang='grc' dir='ltr'>ὁιημεῑτο</span> 
     </span>
     <span class='ocr_line' id='line_1_13' title="bbox 199 2003 1308 2088; baseline 0.001 -20"><span class='ocrx_word' id='word_1_96' title='bbox 199 2003 425 2084; x_wconf 69' lang='grc' dir='ltr'><strong><em>Σεκοῦνδος</em></strong></span> <span class='ocrx_word' id='word_1_97' title='bbox 454 2004 473 2067; x_wconf 90' lang='grc' dir='ltr'>ὁ</span> <span class='ocrx_word' id='word_1_98' title='bbox 499 2005 631 2088; x_wconf 81' lang='grc' dir='ltr'><em>ῥητωρ</em></span> <span class='ocrx_word' id='word_1_99' title='bbox 652 2005 712 2066; x_wconf 73' lang='grc' dir='ltr'>ἐπὶ</span> <span class='ocrx_word' id='word_1_100' title='bbox 739 2015 818 2066; x_wconf 87' lang='grc' dir='ltr'>τῶν</span> <span class='ocrx_word' id='word_1_101' title='bbox 846 2005 1068 2068; x_wconf 81' lang='grc' dir='ltr'>ἐπιστολῶν</span> <span class='ocrx_word' id='word_1_102' title='bbox 1093 2006 1308 2088; x_wconf 77' lang='grc' dir='ltr'><strong><em>γενόμενος</em></strong></span> 
     </span>
     <span class='ocr_line' id='line_1_14' title="bbox 200 2118 465 2198; baseline -0.008 -15"><span class='ocrx_word' id='word_1_103' title='bbox 200 2129 263 2183; x_wconf 75' lang='grc' dir='ltr'>τοῦ</span> <span class='ocrx_word' id='word_1_104' title='bbox 285 2118 465 2198; x_wconf 70' lang='grc' dir='ltr'>Ὀιλωνος.</span> 
     </span>
    </p>

    <p class='ocr_par' dir='ltr' id='par_1_4' title="bbox 198 2235 1371 3473">
     <span class='ocr_line' id='line_1_15' title="bbox 244 2235 1309 2325; baseline 0.001 -24"><span class='ocrx_word' id='word_1_105' title='bbox 244 2237 340 2311; x_wconf 76' lang='lat' dir='ltr'>Sunt,</span> <span class='ocrx_word' id='word_1_106' title='bbox 354 2236 413 2322; x_wconf 92' lang='lat' dir='ltr'>qui</span> <span class='ocrx_word' id='word_1_107' title='bbox 422 2241 543 2322; x_wconf 91' lang='lat' dir='ltr'>putent</span> <span class='ocrx_word' id='word_1_108' title='bbox 551 2236 577 2323; x_wconf 83' lang='grc'>3)</span> <span class='ocrx_word' id='word_1_109' title='bbox 589 2235 813 2302; x_wconf 84' lang='lat' dir='ltr'>Plutarchum</span> <span class='ocrx_word' id='word_1_110' title='bbox 827 2237 1062 2306; x_wconf 87' lang='lat' dir='ltr'>testimoniam</span> <span class='ocrx_word' id='word_1_111' title='bbox 1073 2237 1234 2319; x_wconf 80' lang='lat' dir='ltr'>Secundi,</span> <span class='ocrx_word' id='word_1_112' title='bbox 1247 2238 1309 2325; x_wconf 89' lang='lat' dir='ltr'>qai,</span> 
     </span>
     <span class='ocr_line' id='line_1_16' title="bbox 199 2349 1312 2437; baseline 0.002 -21"><span class='ocrx_word' id='word_1_113' title='bbox 199 2357 237 2417; x_wconf 88' lang='lat' dir='ltr'>ut</span> <span class='ocrx_word' id='word_1_114' title='bbox 260 2365 364 2437; x_wconf 90' lang='lat' dir='ltr'>supra</span> <span class='ocrx_word' id='word_1_115' title='bbox 387 2349 654 2429; x_wconf 80' lang='lat' dir='ltr'>observavimus,</span> <span class='ocrx_word' id='word_1_116' title='bbox 678 2351 772 2417; x_wconf 88' lang='lat' dir='ltr'>haud</span> <span class='ocrx_word' id='word_1_117' title='bbox 803 2351 906 2418; x_wconf 90' lang='lat' dir='ltr'>dabie</span> <span class='ocrx_word' id='word_1_118' title='bbox 935 2349 1029 2418; x_wconf 90' lang='lat' dir='ltr'>idem</span> <span class='ocrx_word' id='word_1_119' title='bbox 1060 2358 1111 2418; x_wconf 92' lang='lat' dir='ltr'>est</span> <span class='ocrx_word' id='word_1_120' title='bbox 1140 2376 1180 2419; x_wconf 89' lang='lat' dir='ltr'>ac</span> <span class='ocrx_word' id='word_1_121' title='bbox 1209 2353 1312 2418; x_wconf 91' lang='lat' dir='ltr'>Ialius</span> 
     </span>
     <span class='ocr_line' id='line_1_17' title="bbox 201 2467 1312 2554; baseline 0.001 -21"><span class='ocrx_word' id='word_1_122' title='bbox 201 2467 387 2548; x_wconf 77' lang='lat' dir='ltr'>Secundae,</span> <span class='ocrx_word' id='word_1_123' title='bbox 413 2473 513 2532; x_wconf 84' lang='lat' dir='ltr'>notus</span> <span class='ocrx_word' id='word_1_124' title='bbox 538 2488 599 2553; x_wconf 86' lang='lat' dir='ltr'>per</span> <span class='ocrx_word' id='word_1_125' title='bbox 622 2467 731 2533; x_wconf 82' lang='lat' dir='ltr'>Taciti</span> <span class='ocrx_word' id='word_1_126' title='bbox 754 2467 949 2552; x_wconf 86' lang='lat' dir='ltr'>Dialogam,</span> <span class='ocrx_word' id='word_1_127' title='bbox 974 2489 992 2532; x_wconf 95' lang='lat' dir='ltr'>e</span> <span class='ocrx_word' id='word_1_128' title='bbox 1015 2468 1141 2554; x_wconf 90' lang='lat' dir='ltr'>scripto</span> <span class='ocrx_word' id='word_1_129' title='bbox 1164 2470 1257 2535; x_wconf 88' lang='lat' dir='ltr'>fonte</span> <span class='ocrx_word' id='word_1_130' title='bbox 1279 2469 1312 2534; x_wconf 90' lang='lat' dir='ltr'>in</span> 
     </span>
     <span class='ocr_line' id='line_1_18' title="bbox 199 2581 1313 2671; baseline 0.001 -23"><span class='ocrx_word' id='word_1_131' title='bbox 199 2604 285 2669; x_wconf 87' lang='lat' dir='ltr'>opas</span> <span class='ocrx_word' id='word_1_132' title='bbox 298 2603 398 2648; x_wconf 87' lang='lat' dir='ltr'>suum</span> <span class='ocrx_word' id='word_1_133' title='bbox 411 2581 633 2647; x_wconf 88' lang='lat' dir='ltr'>transtulisse.</span> <span class='ocrx_word' id='word_1_134' title='bbox 657 2582 724 2647; x_wconf 84' lang='lat' dir='ltr'>Sed</span> <span class='ocrx_word' id='word_1_135' title='bbox 736 2583 852 2667; x_wconf 85' lang='lat' dir='ltr'>Lange</span> <span class='ocrx_word' id='word_1_136' title='bbox 863 2582 891 2668; x_wconf 80' lang='lat'>4)</span> <span class='ocrx_word' id='word_1_137' title='bbox 914 2582 995 2647; x_wconf 91' lang='lat' dir='ltr'>satis</span> <span class='ocrx_word' id='word_1_138' title='bbox 1007 2604 1178 2671; x_wconf 86' lang='lat' dir='ltr'>superque</span> <span class='ocrx_word' id='word_1_139' title='bbox 1198 2605 1313 2649; x_wconf 90' lang='lat' dir='ltr'>eoram</span> 
     </span>
     <span class='ocr_line' id='line_1_19' title="bbox 198 2696 1311 2785; baseline 0 -21"><span class='ocrx_word' id='word_1_140' title='bbox 198 2703 401 2783; x_wconf 77' lang='lat' dir='ltr'>argumenta</span> <span class='ocrx_word' id='word_1_141' title='bbox 424 2696 594 2763; x_wconf 79' lang='lat' dir='ltr'>refutavit.</span> <span class='ocrx_word' id='word_1_142' title='bbox 611 2697 668 2763; x_wconf 90' lang='lat' dir='ltr'>Nil</span> <span class='ocrx_word' id='word_1_143' title='bbox 692 2697 786 2762; x_wconf 90' lang='lat' dir='ltr'>enim</span> <span class='ocrx_word' id='word_1_144' title='bbox 806 2697 910 2762; x_wconf 88' lang='lat' dir='ltr'>efficit</span> <span class='ocrx_word' id='word_1_145' title='bbox 929 2696 1021 2784; x_wconf 94' lang='lat' dir='ltr'>quod</span> <span class='ocrx_word' id='word_1_146' title='bbox 1038 2697 1161 2763; x_wconf 78' lang='lat' dir='ltr'>Nissen</span> <span class='ocrx_word' id='word_1_147' title='bbox 1177 2700 1311 2785; x_wconf 88' lang='lat' dir='ltr'>profert:</span> 
     </span>
     <span class='ocr_line' id='line_1_20' title="bbox 198 2811 1314 2898; baseline -0.003 -20"><span class='ocrx_word' id='word_1_148' title='bbox 198 2812 434 2893; x_wconf 85' lang='lat' dir='ltr'>Plutarchum,</span> <span class='ocrx_word' id='word_1_149' title='bbox 454 2812 481 2876; x_wconf 88' lang='lat' dir='ltr'>si</span> <span class='ocrx_word' id='word_1_150' title='bbox 494 2811 538 2877; x_wconf 89' lang='lat' dir='ltr'>ab</span> <span class='ocrx_word' id='word_1_151' title='bbox 556 2812 631 2897; x_wconf 91' lang='lat' dir='ltr'>ipso</span> <span class='ocrx_word' id='word_1_152' title='bbox 651 2811 808 2877; x_wconf 83' lang='lat' dir='ltr'>Secundo</span> <span class='ocrx_word' id='word_1_153' title='bbox 825 2834 865 2878; x_wconf 89' lang='lat' dir='ltr'>ea</span> <span class='ocrx_word' id='word_1_154' title='bbox 883 2812 1076 2898; x_wconf 87' lang='lat' dir='ltr'>accepisset,</span> <span class='ocrx_word' id='word_1_155' title='bbox 1088 2812 1163 2891; x_wconf 81' lang='grc' dir='ltr'><strong><em>ἐμοὶ</em></strong></span> <span class='ocrx_word' id='word_1_156' title='bbox 1172 2811 1314 2894; x_wconf 81' lang='grc' dir='ltr'>ὁιηγειτο</span> 
     </span>
     <span class='ocr_line' id='line_1_21' title="bbox 200 2926 1313 3014; baseline 0.002 -22"><span class='ocrx_word' id='word_1_157' title='bbox 200 2927 407 3014; x_wconf 87' lang='lat' dir='ltr'>scripturum</span> <span class='ocrx_word' id='word_1_158' title='bbox 430 2927 542 2992; x_wconf 83' lang='lat' dir='ltr'>fuisse.</span> <span class='ocrx_word' id='word_1_159' title='bbox 568 2927 673 2993; x_wconf 89' lang='lat' dir='ltr'>Porro</span> <span class='ocrx_word' id='word_1_160' title='bbox 697 2927 796 2992; x_wconf 90' lang='lat' dir='ltr'>docet</span> <span class='ocrx_word' id='word_1_161' title='bbox 821 2928 938 3011; x_wconf 84' lang='lat' dir='ltr'>Lange</span> <span class='ocrx_word' id='word_1_162' title='bbox 964 2926 1057 2992; x_wconf 91' lang='lat' dir='ltr'>locos</span> <span class='ocrx_word' id='word_1_163' title='bbox 1082 2927 1192 2994; x_wconf 81' lang='lat' dir='ltr'>Taciti</span> <span class='ocrx_word' id='word_1_164' title='bbox 1205 2929 1250 2994; x_wconf 92' lang='lat' dir='ltr'>II.</span> <span class='ocrx_word' id='word_1_165' title='bbox 1264 2931 1313 2994; x_wconf 85' lang='lat'>33.</span> 
     </span>
     <span class='ocr_line' id='line_1_22' title="bbox 203 3041 1314 3130; baseline 0 -22"><span class='ocrx_word' id='word_1_166' title='bbox 203 3041 314 3123; x_wconf 88' lang='lat' dir='ltr'>,Otho</span> <span class='ocrx_word' id='word_1_167' title='bbox 328 3063 457 3129; x_wconf 90' lang='lat' dir='ltr'>pronus</span> <span class='ocrx_word' id='word_1_168' title='bbox 473 3042 515 3107; x_wconf 88' lang='lat' dir='ltr'>ad</span> <span class='ocrx_word' id='word_1_169' title='bbox 530 3041 809 3122; x_wconf 82' lang='lat' dir='ltr'>decertandam”,</span> <span class='ocrx_word' id='word_1_170' title='bbox 821 3043 873 3107; x_wconf 78' lang='lat'>40.</span> <span class='ocrx_word' id='word_1_171' title='bbox 889 3042 1026 3122; x_wconf 90' lang='lat' dir='ltr'>,aderat</span> <span class='ocrx_word' id='word_1_172' title='bbox 1038 3064 1120 3108; x_wconf 90' lang='lat' dir='ltr'>sane</span> <span class='ocrx_word' id='word_1_173' title='bbox 1132 3044 1219 3108; x_wconf 89' lang='lat' dir='ltr'>citus</span> <span class='ocrx_word' id='word_1_174' title='bbox 1231 3065 1314 3130; x_wconf 88' lang='lat' dir='ltr'>equo</span> 
     </span>
     <span class='ocr_line' id='line_1_23' title="bbox 202 3144 1371 3245; baseline 0.002 -23"><span class='ocrx_word' id='word_1_175' title='bbox 202 3157 352 3222; x_wconf 83' lang='lat' dir='ltr'>Numida</span> <span class='ocrx_word' id='word_1_176' title='bbox 378 3177 457 3222; x_wconf 89' lang='lat' dir='ltr'>oum</span> <span class='ocrx_word' id='word_1_177' title='bbox 480 3154 653 3222; x_wconf 86' lang='lat' dir='ltr'>atrocibus</span> <span class='ocrx_word' id='word_1_178' title='bbox 675 3156 858 3237; x_wconf 76' lang='lat' dir='ltr'>amirdalis,</span> <span class='ocrx_word' id='word_1_179' title='bbox 887 3155 1011 3242; x_wconf 90' lang='lat' dir='ltr'>quibus</span> <span class='ocrx_word' id='word_1_180' title='bbox 1035 3144 1127 3223; x_wconf 93' lang='lat' dir='ltr'>Otho</span> <span class='ocrx_word' id='word_1_181' title='bbox 1149 3158 1371 3245; x_wconf 79' lang='lat' dir='ltr'>increpita-</span> 
     </span>
     <span class='ocr_line' id='line_1_24' title="bbox 204 3270 1371 3358; baseline -0.001 -21"><span class='ocrx_word' id='word_1_182' title='bbox 204 3272 330 3337; x_wconf 89' lang='lat' dir='ltr'>ducam</span> <span class='ocrx_word' id='word_1_183' title='bbox 362 3271 506 3357; x_wconf 83' lang='lat' dir='ltr'>segnitia</span> <span class='ocrx_word' id='word_1_184' title='bbox 537 3293 610 3336; x_wconf 80' lang='lat' dir='ltr'>reni</span> <span class='ocrx_word' id='word_1_185' title='bbox 641 3271 677 3335; x_wconf 92' lang='lat' dir='ltr'>in</span> <span class='ocrx_word' id='word_1_186' title='bbox 709 3270 894 3336; x_wconf 87' lang='lat' dir='ltr'>discrimen</span> <span class='ocrx_word' id='word_1_187' title='bbox 925 3270 1016 3336; x_wconf 89' lang='lat' dir='ltr'>mitti</span> <span class='ocrx_word' id='word_1_188' title='bbox 1044 3270 1195 3354; x_wconf 88' lang='lat' dir='ltr'>iubebat,</span> <span class='ocrx_word' id='word_1_189' title='bbox 1219 3288 1371 3358; x_wconf 73' lang='lat' dir='ltr'>aeger·-</span> 
     </span>
     <span class='ocr_line' id='line_1_25' title="bbox 200 3386 1371 3473; baseline -0.001 -21"><span class='ocrx_word' id='word_1_190' title='bbox 200 3408 297 3453; x_wconf 88' lang='lat' dir='ltr'>mora</span> <span class='ocrx_word' id='word_1_191' title='bbox 320 3393 354 3453; x_wconf 87' lang='lat' dir='ltr'>et</span> <span class='ocrx_word' id='word_1_192' title='bbox 373 3387 443 3473; x_wconf 88' lang='lat' dir='ltr'>spei</span> <span class='ocrx_word' id='word_1_193' title='bbox 465 3386 669 3473; x_wconf 88' lang='lat' dir='ltr'>impatiens&#39;’</span> <span class='ocrx_word' id='word_1_194' title='bbox 693 3407 778 3473; x_wconf 88' lang='lat' dir='ltr'>qnos</span> <span class='ocrx_word' id='word_1_195' title='bbox 796 3387 906 3467; x_wconf 90' lang='lat' dir='ltr'>Peter,</span> <span class='ocrx_word' id='word_1_196' title='bbox 930 3387 1125 3452; x_wconf 85' lang='lat' dir='ltr'>Mommsen</span> <span class='ocrx_word' id='word_1_197' title='bbox 1145 3409 1225 3453; x_wconf 92' lang='lat' dir='ltr'>cum</span> <span class='ocrx_word' id='word_1_198' title='bbox 1244 3387 1371 3453; x_wconf 82' lang='lat' dir='ltr'>loco-</span> 
     </span>
    </p>

    <p class='ocr_par' dir='ltr' id='par_1_5' title="bbox 236 3538 535 3605">
     <span class='ocr_line' id='line_1_26' title="bbox 236 3538 535 3605; baseline -0.007 -15"><span class='ocrx_word' id='word_1_199' title='bbox 236 3541 260 3595; x_wconf 84' lang='lat' dir='ltr'>ll</span> <span class='ocrx_word' id='word_1_200' title='bbox 278 3540 296 3590; x_wconf 87' lang='lat' dir='ltr'>l.</span> <span class='ocrx_word' id='word_1_201' title='bbox 316 3539 332 3590; x_wconf 92' lang='lat' dir='ltr'>l.</span> <span class='ocrx_word' id='word_1_202' title='bbox 353 3556 411 3605; x_wconf 55' lang='grc' dir='ltr'>ρης.</span> <span class='ocrx_word' id='word_1_203' title='bbox 431 3539 474 3599; x_wconf 70' lang='lat'>55,</span> <span class='ocrx_word' id='word_1_204' title='bbox 493 3538 535 3590; x_wconf 61' lang='lat' dir='ltr'>(tlt</span> 
     </span>
    </p>

    <p class='ocr_par' dir='ltr' id='par_1_6' title="bbox 197 3633 1371 4092">
     <span class='ocr_line' id='line_1_27' title="bbox 232 3633 1371 3702; baseline -0.002 -14"><span class='ocrx_word' id='word_1_205' title='bbox 232 3635 260 3692; x_wconf 71' lang='lat'>¹2)</span> <span class='ocrx_word' id='word_1_206' title='bbox 281 3637 358 3687; x_wconf 86' lang='lat' dir='ltr'>llane</span> <span class='ocrx_word' id='word_1_207' title='bbox 380 3635 534 3687; x_wconf 65' lang='lat' dir='ltr'>sententiam</span> <span class='ocrx_word' id='word_1_208' title='bbox 559 3634 652 3686; x_wconf 69' lang='lat' dir='ltr'>latins</span> <span class='ocrx_word' id='word_1_209' title='bbox 673 3634 691 3685; x_wconf 91' lang='lat' dir='ltr'>l.</span> <span class='ocrx_word' id='word_1_210' title='bbox 715 3634 732 3684; x_wconf 89' lang='lat' dir='ltr'>l.</span> <span class='ocrx_word' id='word_1_211' title='bbox 756 3652 798 3701; x_wconf 86' lang='lat' dir='ltr'>pg.</span> <span class='ocrx_word' id='word_1_212' title='bbox 824 3636 882 3686; x_wconf 65' lang='lat' dir='ltr'>lsai.</span> <span class='ocrx_word' id='word_1_213' title='bbox 901 3633 961 3684; x_wconf 87' lang='lat' dir='ltr'>ada.</span> <span class='ocrx_word' id='word_1_214' title='bbox 982 3636 1005 3685; x_wconf 93' lang='grc'>1.</span> <span class='ocrx_word' id='word_1_215' title='bbox 1024 3633 1167 3702; x_wconf 79' lang='lat' dir='ltr'>impugnat.</span> <span class='ocrx_word' id='word_1_216' title='bbox 1188 3635 1371 3702; x_wconf 74' lang='lat' dir='ltr'>opinata-z</span> 
     </span>
     <span class='ocr_line' id='line_1_28' title="bbox 197 3730 1371 3801; baseline -0.003 -14"><span class='ocrx_word' id='word_1_217' title='bbox 197 3734 353 3801; x_wconf 71' lang='lat' dir='ltr'>(ollonnam</span> <span class='ocrx_word' id='word_1_218' title='bbox 373 3733 441 3784; x_wconf 85' lang='lat' dir='ltr'>inter</span> <span class='ocrx_word' id='word_1_219' title='bbox 461 3731 627 3783; x_wconf 78' lang='lat' dir='ltr'>Plutarchum</span> <span class='ocrx_word' id='word_1_220' title='bbox 647 3739 673 3781; x_wconf 88' lang='lat' dir='ltr'>et</span> <span class='ocrx_word' id='word_1_221' title='bbox 693 3731 808 3795; x_wconf 84' lang='lat' dir='ltr'>Florum,</span> <span class='ocrx_word' id='word_1_222' title='bbox 827 3731 872 3797; x_wconf 90' lang='lat' dir='ltr'>qni</span> <span class='ocrx_word' id='word_1_223' title='bbox 891 3731 1008 3797; x_wconf 79' lang='lat' dir='ltr'>privatus</span> <span class='ocrx_word' id='word_1_224' title='bbox 1023 3730 1093 3782; x_wconf 86' lang='lat' dir='ltr'>inter</span> <span class='ocrx_word' id='word_1_225' title='bbox 1110 3731 1223 3784; x_wconf 82' lang='lat' dir='ltr'>Othonis</span> <span class='ocrx_word' id='word_1_226' title='bbox 1240 3733 1371 3784; x_wconf 40' lang='lat' dir='ltr'>comi!</span> 
     </span>
     <span class='ocr_line' id='line_1_29' title="bbox 199 3827 1371 3892; baseline -0.002 -9"><span class='ocrx_word' id='word_1_227' title='bbox 199 3845 237 3884; x_wconf 78' lang='lat' dir='ltr'>tes</span> <span class='ocrx_word' id='word_1_228' title='bbox 257 3831 364 3882; x_wconf 80' lang='lat' dir='ltr'>Brixelli</span> <span class='ocrx_word' id='word_1_229' title='bbox 384 3829 543 3892; x_wconf 75' lang='lat' dir='ltr'>ranranserit,</span> <span class='ocrx_word' id='word_1_230' title='bbox 559 3829 585 3879; x_wconf 85' lang='lat' dir='ltr'>in</span> <span class='ocrx_word' id='word_1_231' title='bbox 599 3827 741 3879; x_wconf 76' lang='lat' dir='ltr'>levioribus</span> <span class='ocrx_word' id='word_1_232' title='bbox 752 3836 854 3879; x_wconf 80' lang='lat' dir='ltr'>tantam</span> <span class='ocrx_word' id='word_1_233' title='bbox 868 3827 945 3879; x_wconf 86' lang='lat' dir='ltr'>rebus</span> <span class='ocrx_word' id='word_1_234' title='bbox 963 3837 1095 3880; x_wconf 79' lang='lat' dir='ltr'>versatum</span> <span class='ocrx_word' id='word_1_235' title='bbox 1113 3846 1177 3880; x_wconf 84' lang='lat' dir='ltr'>esse.</span> <span class='ocrx_word' id='word_1_236' title='bbox 1191 3829 1244 3881; x_wconf 85' lang='lat' dir='ltr'>Sed</span> <span class='ocrx_word' id='word_1_237' title='bbox 1256 3830 1371 3882; x_wconf 63' lang='lat' dir='ltr'>hae‘</span> 
     </span>
     <span class='ocr_line' id='line_1_30' title="bbox 198 3925 1371 3994; baseline -0.002 -14"><span class='ocrx_word' id='word_1_238' title='bbox 198 3946 274 3981; x_wconf 68' lang='lat' dir='ltr'>cansa</span> <span class='ocrx_word' id='word_1_239' title='bbox 297 3928 334 3980; x_wconf 88' lang='lat' dir='ltr'>nil</span> <span class='ocrx_word' id='word_1_240' title='bbox 353 3928 429 3979; x_wconf 79' lang='lat' dir='ltr'>valet.</span> <span class='ocrx_word' id='word_1_241' title='bbox 455 3928 539 3978; x_wconf 89' lang='lat' dir='ltr'>lnnno</span> <span class='ocrx_word' id='word_1_242' title='bbox 561 3926 704 3977; x_wconf 74' lang='lat' dir='ltr'>obscuritas</span> <span class='ocrx_word' id='word_1_243' title='bbox 727 3926 753 3976; x_wconf 87' lang='lat' dir='ltr'>ln</span> <span class='ocrx_word' id='word_1_244' title='bbox 777 3925 933 3992; x_wconf 86' lang='lat' dir='ltr'>proeliorum</span> <span class='ocrx_word' id='word_1_245' title='bbox 957 3925 1105 3977; x_wconf 81' lang='lat' dir='ltr'>narratione</span> <span class='ocrx_word' id='word_1_246' title='bbox 1123 3943 1180 3978; x_wconf 86' lang='lat' dir='ltr'>mea</span> <span class='ocrx_word' id='word_1_247' title='bbox 1199 3928 1371 3994; x_wconf 71' lang='lat' dir='ltr'>opinion-¹</span> 
     </span>
     <span class='ocr_line' id='line_1_31' title="bbox 199 4022 1123 4092; baseline -0.002 -15"><span class='ocrx_word' id='word_1_248' title='bbox 199 4027 293 4092; x_wconf 75' lang='lat' dir='ltr'>panim</span> <span class='ocrx_word' id='word_1_249' title='bbox 312 4026 372 4077; x_wconf 86' lang='lat' dir='ltr'>inde</span> <span class='ocrx_word' id='word_1_250' title='bbox 390 4024 542 4092; x_wconf 64' lang='lat' dir='ltr'>explicanda</span> <span class='ocrx_word' id='word_1_251' title='bbox 560 4034 599 4075; x_wconf 85' lang='lat' dir='ltr'>est</span> <span class='ocrx_word' id='word_1_252' title='bbox 617 4023 686 4090; x_wconf 89' lang='lat' dir='ltr'>qnod</span> <span class='ocrx_word' id='word_1_253' title='bbox 706 4023 799 4074; x_wconf 82' lang='lat' dir='ltr'>Florus</span> <span class='ocrx_word' id='word_1_254' title='bbox 817 4022 911 4088; x_wconf 75' lang='lat' dir='ltr'>prrgais</span> <span class='ocrx_word' id='word_1_255' title='bbox 928 4039 980 4073; x_wconf 90' lang='lat' dir='ltr'>aon</span> <span class='ocrx_word' id='word_1_256' title='bbox 999 4023 1123 4075; x_wconf 79' lang='lat' dir='ltr'>interluit.</span> 
     </span>
    </p>
   </div>
   <div class='ocr_carea' id='block_1_3' title="bbox 235 4118 1286 4285">
    <p class='ocr_par' dir='ltr' id='par_1_7' title="bbox 235 4118 1286 4285">
     <span class='ocr_line' id='line_1_32' title="bbox 235 4118 1286 4188; baseline -0.004 -15"><span class='ocrx_word' id='word_1_257' title='bbox 235 4124 262 4179; x_wconf 73' lang='lat'>3)</span> <span class='ocrx_word' id='word_1_258' title='bbox 282 4124 365 4175; x_wconf 79' lang='lat' dir='ltr'>Peter.</span> <span class='ocrx_word' id='word_1_259' title='bbox 385 4123 402 4172; x_wconf 81' lang='lat' dir='ltr'>l.</span> <span class='ocrx_word' id='word_1_260' title='bbox 422 4122 438 4173; x_wconf 92' lang='grc' dir='ltr'>Ι.</span> <span class='ocrx_word' id='word_1_261' title='bbox 458 4139 500 4188; x_wconf 62' lang='lat' dir='ltr'>prr.</span> <span class='ocrx_word' id='word_1_262' title='bbox 520 4120 562 4172; x_wconf 67' lang='lat' dir='ltr'>lP.</span> <span class='ocrx_word' id='word_1_263' title='bbox 583 4121 737 4172; x_wconf 78' lang='lat' dir='ltr'>Mommsen.</span> <span class='ocrx_word' id='word_1_264' title='bbox 756 4120 773 4172; x_wconf 86' lang='grc' dir='ltr'>Ι.</span> <span class='ocrx_word' id='word_1_265' title='bbox 793 4121 809 4171; x_wconf 88' lang='lat' dir='ltr'>l.</span> <span class='ocrx_word' id='word_1_266' title='bbox 830 4137 871 4185; x_wconf 63' lang='lat' dir='ltr'>pg.</span> <span class='ocrx_word' id='word_1_267' title='bbox 890 4118 951 4171; x_wconf 63' lang='lat'>321.</span> <span class='ocrx_word' id='word_1_268' title='bbox 971 4119 1073 4170; x_wconf 77' lang='lat' dir='ltr'>Nissen.</span> <span class='ocrx_word' id='word_1_269' title='bbox 1092 4121 1109 4171; x_wconf 89' lang='grc' dir='ltr'>Ι.</span> <span class='ocrx_word' id='word_1_270' title='bbox 1129 4121 1145 4172; x_wconf 92' lang='grc' dir='ltr'>Ι.</span> <span class='ocrx_word' id='word_1_271' title='bbox 1165 4138 1208 4187; x_wconf 89' lang='lat' dir='ltr'>pg.</span> <span class='ocrx_word' id='word_1_272' title='bbox 1228 4121 1286 4175; x_wconf 59' lang='lat'>501.</span> 
     </span>
     <span class='ocr_line' id='line_1_33' title="bbox 236 4220 547 4285; baseline -0.003 -14"><span class='ocrx_word' id='word_1_273' title='bbox 236 4223 263 4271; x_wconf 80' lang='lat' dir='ltr'>n</span> <span class='ocrx_word' id='word_1_274' title='bbox 282 4221 299 4271; x_wconf 82' lang='lat' dir='ltr'>l.</span> <span class='ocrx_word' id='word_1_275' title='bbox 319 4220 335 4270; x_wconf 90' lang='lat' dir='ltr'>l.</span> <span class='ocrx_word' id='word_1_276' title='bbox 356 4238 413 4285; x_wconf 58' lang='lat' dir='ltr'>pau.</span> <span class='ocrx_word' id='word_1_277' title='bbox 437 4220 466 4270; x_wconf 70' lang='lat'>11</span> <span class='ocrx_word' id='word_1_278' title='bbox 492 4221 547 4269; x_wconf 77' lang='lat' dir='ltr'>-la</span> 
     </span>
    </p>
   </div>
   <div class='ocr_carea' id='block_1_4' title="bbox 0 0 1532 5190">
    <p class='ocr_par' dir='ltr' id='par_1_8' title="bbox 0 0 1532 5190">
     <span class='ocr_line' id='line_1_34' title="bbox 0 0 1532 5190; baseline 0 0"><span class='ocrx_word' id='word_1_279' title='bbox 0 0 1532 5190; x_wconf 95' lang='lat' dir='ltr'> </span> 
     </span>
    </p>
   </div>
  </div>
 </body>
</html>
