<?xml version="1.0" encoding="UTF-8"?>
<!DOCTYPE html PUBLIC "-//W3C//DTD XHTML 1.0 Transitional//EN"
    "http://www.w3.org/TR/xhtml1/DTD/xhtml1-transitional.dtd">
<html xmlns="http://www.w3.org/1999/xhtml" xml:lang="en" lang="en">
 <head>
  <title>
</title>
<meta http-equiv="Content-Type" content="text/html;charset=utf-8" />
  <meta name='ocr-system' content='tesseract 3.04.00' />
  <meta name='ocr-capabilities' content='ocr_page ocr_carea ocr_par ocr_line ocrx_word'/>
</head>
<body>
  <div class='ocr_page' id='page_1' title='image "./studiainplutarc00almagoog_0119.png"; bbox 0 0 3038 5190; ppageno 0'>
   <div class='ocr_carea' id='block_1_1' title="bbox 735 521 777 586">
    <p class='ocr_par' dir='ltr' id='par_1_1' title="bbox 735 521 777 586">
     <span class='ocr_line' id='line_1_1' title="bbox 735 521 777 586; baseline 0 0"><span class='ocrx_word' id='word_1_1' title='bbox 735 521 777 586; x_wconf 90' lang='lat'>80</span> 
     </span>
    </p>
   </div>
   <div class='ocr_carea' id='block_1_2' title="bbox 179 710 1360 4248">
    <p class='ocr_par' dir='ltr' id='par_1_2' title="bbox 179 710 1360 2866">
     <span class='ocr_line' id='line_1_2' title="bbox 203 710 1296 799; baseline 0.002 -21"><span class='ocrx_word' id='word_1_2' title='bbox 203 711 407 793; x_wconf 84' lang='lat' dir='ltr'>„armandae</span> <span class='ocrx_word' id='word_1_3' title='bbox 430 710 502 776; x_wconf 88' lang='lat' dir='ltr'>eius</span> <span class='ocrx_word' id='word_1_4' title='bbox 525 732 605 777; x_wconf 89' lang='lat' dir='ltr'>cura</span> <span class='ocrx_word' id='word_1_5' title='bbox 628 710 733 778; x_wconf 89' lang='lat' dir='ltr'>Vario</span> <span class='ocrx_word' id='word_1_6' title='bbox 750 710 906 797; x_wconf 84' lang='lat' dir='ltr'>Crispino</span> <span class='ocrx_word' id='word_1_7' title='bbox 928 732 947 777; x_wconf 91' lang='lat' dir='ltr'>e</span> <span class='ocrx_word' id='word_1_8' title='bbox 969 711 1202 799; x_wconf 85' lang='lat' dir='ltr'>praetorianis</span> <span class='ocrx_word' id='word_1_9' title='bbox 1223 713 1296 780; x_wconf 85' lang='lat' dir='ltr'>data.</span> 
     </span>
     <span class='ocr_line' id='line_1_3' title="bbox 200 825 1299 914; baseline 0.003 -23"><span class='ocrx_word' id='word_1_10' title='bbox 200 826 234 891; x_wconf 88' lang='lat' dir='ltr'>Is</span> <span class='ocrx_word' id='word_1_11' title='bbox 265 847 332 913; x_wconf 93' lang='lat' dir='ltr'>quo</span> <span class='ocrx_word' id='word_1_12' title='bbox 356 825 463 911; x_wconf 87' lang='lat' dir='ltr'>magis</span> <span class='ocrx_word' id='word_1_13' title='bbox 486 847 613 893; x_wconf 85' lang='lat' dir='ltr'>vacuus</span> <span class='ocrx_word' id='word_1_14' title='bbox 645 825 767 912; x_wconf 86' lang='lat' dir='ltr'>quietis</span> <span class='ocrx_word' id='word_1_15' title='bbox 797 826 914 892; x_wconf 86' lang='lat' dir='ltr'>castris</span> <span class='ocrx_word' id='word_1_16' title='bbox 942 827 1035 892; x_wconf 89' lang='lat' dir='ltr'>iussa</span> <span class='ocrx_word' id='word_1_17' title='bbox 1058 834 1299 914; x_wconf 83' lang='lat' dir='ltr'>exsequeretur,</span> 
     </span>
     <span class='ocr_line' id='line_1_4' title="bbox 200 940 1360 1043; baseline 0.001 -35"><span class='ocrx_word' id='word_1_18' title='bbox 200 941 357 1008; x_wconf 87' lang='lat' dir='ltr'>vehicula</span> <span class='ocrx_word' id='word_1_19' title='bbox 388 940 535 1007; x_wconf 81' lang='lat' dir='ltr'><strong>cohortis</strong></span> <span class='ocrx_word' id='word_1_20' title='bbox 557 941 740 1027; x_wconf 83' lang='lat' dir='ltr'>incipiente</span> <span class='ocrx_word' id='word_1_21' title='bbox 771 945 884 1006; x_wconf 90' lang='lat' dir='ltr'>noete·</span> <span class='ocrx_word' id='word_1_22' title='bbox 901 941 1034 1007; x_wconf 89' lang='lat' dir='ltr'>onerari</span> <span class='ocrx_word' id='word_1_23' title='bbox 1058 947 1184 1028; x_wconf 91' lang='lat' dir='ltr'>aperto</span> <span class='ocrx_word' id='word_1_24' title='bbox 1207 964 1300 1009; x_wconf 88' lang='lat' dir='ltr'>arma-</span> <span class='ocrx_word' id='word_1_25' title='bbox 1357 1018 1360 1043; x_wconf 51' lang='grc' dir='ltr'>Ι</span> 
     </span>
     <span class='ocr_line' id='line_1_5' title="bbox 198 1048 1359 1142; baseline 0.003 -21"><span class='ocrx_word' id='word_1_26' title='bbox 198 1057 367 1123; x_wconf 83' lang='lat' dir='ltr'>montario</span> <span class='ocrx_word' id='word_1_27' title='bbox 390 1055 499 1137; x_wconf 88' lang='lat' dir='ltr'>iubet;</span> <span class='ocrx_word' id='word_1_28' title='bbox 520 1061 654 1142; x_wconf 89' lang='lat' dir='ltr'>tempus</span> <span class='ocrx_word' id='word_1_29' title='bbox 673 1055 710 1121; x_wconf 93' lang='lat' dir='ltr'>in</span> <span class='ocrx_word' id='word_1_30' title='bbox 734 1055 971 1142; x_wconf 85' lang='lat' dir='ltr'>suspicionem,</span> <span class='ocrx_word' id='word_1_31' title='bbox 991 1078 1095 1123; x_wconf 90' lang='lat' dir='ltr'>causa</span> <span class='ocrx_word' id='word_1_32' title='bbox 1113 1057 1153 1123; x_wconf 90' lang='lat' dir='ltr'>in</span> <span class='ocrx_word' id='word_1_33' title='bbox 1174 1058 1302 1139; x_wconf 84' lang='lat' dir='ltr'>crimen,</span> <span class='ocrx_word' id='word_1_34' title='bbox 1356 1048 1359 1109; x_wconf 82' lang='lat' dir='ltr'>l</span> 
     </span>
     <span class='ocr_line' id='line_1_6' title="bbox 197 1169 1303 1258; baseline 0.002 -20"><span class='ocrx_word' id='word_1_35' title='bbox 197 1173 376 1238; x_wconf 79' lang='lat' dir='ltr'>adfectatio</span> <span class='ocrx_word' id='word_1_36' title='bbox 401 1171 524 1258; x_wconf 90' lang='lat' dir='ltr'>quietis</span> <span class='ocrx_word' id='word_1_37' title='bbox 546 1171 583 1236; x_wconf 90' lang='lat' dir='ltr'>in</span> <span class='ocrx_word' id='word_1_38' title='bbox 606 1170 793 1237; x_wconf 89' lang='lat' dir='ltr'>tumultum</span> <span class='ocrx_word' id='word_1_39' title='bbox 823 1169 961 1254; x_wconf 85' lang='lat' dir='ltr'>evaluit,</span> <span class='ocrx_word' id='word_1_40' title='bbox 986 1178 1020 1238; x_wconf 90' lang='lat' dir='ltr'>et</span> <span class='ocrx_word' id='word_1_41' title='bbox 1047 1173 1126 1240; x_wconf 87' lang='lat' dir='ltr'>visa</span> <span class='ocrx_word' id='word_1_42' title='bbox 1155 1171 1248 1241; x_wconf 85' lang='lat' dir='ltr'>inter</span> <span class='ocrx_word' id='word_1_43' title='bbox 1266 1181 1303 1240; x_wconf 84' lang='lat' dir='ltr'>te</span> 
     </span>
     <span class='ocr_line' id='line_1_7' title="bbox 196 1285 1359 1372; baseline 0 -19"><span class='ocrx_word' id='word_1_44' title='bbox 196 1287 366 1353; x_wconf 88' lang='lat' dir='ltr'>mulentos</span> <span class='ocrx_word' id='word_1_45' title='bbox 393 1307 489 1352; x_wconf 91' lang='lat' dir='ltr'>arma</span> <span class='ocrx_word' id='word_1_46' title='bbox 512 1285 708 1372; x_wconf 88' lang='lat' dir='ltr'>cupidinem</span> <span class='ocrx_word' id='word_1_47' title='bbox 733 1285 785 1351; x_wconf 93' lang='lat' dir='ltr'>sui</span> <span class='ocrx_word' id='word_1_48' title='bbox 808 1307 945 1353; x_wconf 86' lang='lat' dir='ltr'>movere</span> <span class='ocrx_word' id='word_1_49' title='bbox 973 1292 1034 1353; x_wconf 90' lang='lat' dir='ltr'>etc.</span> <span class='ocrx_word' id='word_1_50' title='bbox 1055 1285 1100 1337; x_wconf 79' lang='grc'>-’</span> <span class='ocrx_word' id='word_1_51' title='bbox 1124 1287 1304 1355; x_wconf 77' lang='lat' dir='ltr'>insidentes</span> <span class='ocrx_word' id='word_1_52' title='bbox 1357 1344 1359 1353; x_wconf 93' lang='lat'><em>.</em></span> 
     </span>
     <span class='ocr_line' id='line_1_8' title="bbox 195 1400 1304 1489; baseline 0.002 -21"><span class='ocrx_word' id='word_1_53' title='bbox 195 1403 291 1489; x_wconf 88' lang='lat' dir='ltr'>equis</span> <span class='ocrx_word' id='word_1_54' title='bbox 310 1401 432 1468; x_wconf 91' lang='lat' dir='ltr'>urbem</span> <span class='ocrx_word' id='word_1_55' title='bbox 451 1422 491 1467; x_wconf 89' lang='lat' dir='ltr'>ac</span> <span class='ocrx_word' id='word_1_56' title='bbox 510 1400 681 1467; x_wconf 89' lang='lat' dir='ltr'>Palatium</span> <span class='ocrx_word' id='word_1_57' title='bbox 700 1402 854 1488; x_wconf 84' lang='lat' dir='ltr'>petunt.&#39;’</span> <span class='ocrx_word' id='word_1_58' title='bbox 872 1401 1049 1489; x_wconf 80' lang='lat' dir='ltr'>Crispinus</span> <span class='ocrx_word' id='word_1_59' title='bbox 1066 1402 1188 1489; x_wconf 88' lang='lat' dir='ltr'>igitur,</span> <span class='ocrx_word' id='word_1_60' title='bbox 1206 1409 1245 1470; x_wconf 92' lang='lat' dir='ltr'>ut</span> <span class='ocrx_word' id='word_1_61' title='bbox 1261 1424 1304 1469; x_wconf 84' lang='lat' dir='ltr'>co</span> 
     </span>
     <span class='ocr_line' id='line_1_9' title="bbox 194 1515 1305 1602; baseline 0.002 -20"><span class='ocrx_word' id='word_1_62' title='bbox 194 1516 328 1582; x_wconf 89' lang='lat' dir='ltr'>hortem</span> <span class='ocrx_word' id='word_1_63' title='bbox 357 1515 549 1582; x_wconf 86' lang='lat' dir='ltr'>Ostiensem</span> <span class='ocrx_word' id='word_1_64' title='bbox 572 1521 729 1596; x_wconf 86' lang='lat' dir='ltr'>armaret,</span> <span class='ocrx_word' id='word_1_65' title='bbox 756 1517 1088 1602; x_wconf 85' lang='lat' dir='ltr'>epraetorianorum</span> <span class='ocrx_word' id='word_1_66' title='bbox 1121 1517 1305 1599; x_wconf 82' lang='lat' dir='ltr'>armamen-</span> 
     </span>
     <span class='ocr_line' id='line_1_10' title="bbox 194 1625 1304 1718; baseline 0 -20"><span class='ocrx_word' id='word_1_67' title='bbox 194 1632 280 1698; x_wconf 88' lang='lat' dir='ltr'>tario</span> <span class='ocrx_word' id='word_1_68' title='bbox 299 1653 395 1698; x_wconf 89' lang='lat' dir='ltr'>arma</span> <span class='ocrx_word' id='word_1_69' title='bbox 418 1625 531 1718; x_wconf 88' lang='lat' dir='ltr'>promi</span> <span class='ocrx_word' id='word_1_70' title='bbox 549 1631 656 1697; x_wconf 85' lang='lat' dir='ltr'>iussit.</span> <span class='ocrx_word' id='word_1_71' title='bbox 680 1631 891 1697; x_wconf 88' lang='lat' dir='ltr'>Praetoriani</span> <span class='ocrx_word' id='word_1_72' title='bbox 911 1653 968 1698; x_wconf 86' lang='lat' dir='ltr'>seu</span> <span class='ocrx_word' id='word_1_73' title='bbox 988 1632 1096 1698; x_wconf 87' lang='lat' dir='ltr'>nescii</span> <span class='ocrx_word' id='word_1_74' title='bbox 1117 1655 1180 1700; x_wconf 90' lang='lat' dir='ltr'>seu</span> <span class='ocrx_word' id='word_1_75' title='bbox 1202 1634 1244 1700; x_wconf 86' lang='lat' dir='ltr'>de</span> <span class='ocrx_word' id='word_1_76' title='bbox 1261 1635 1304 1699; x_wconf 93' lang='lat' dir='ltr'>in·</span> 
     </span>
     <span class='ocr_line' id='line_1_11' title="bbox 194 1745 1305 1835; baseline 0 -22"><span class='ocrx_word' id='word_1_77' title='bbox 194 1746 324 1813; x_wconf 86' lang='lat' dir='ltr'>dustria</span> <span class='ocrx_word' id='word_1_78' title='bbox 354 1745 436 1811; x_wconf 89' lang='lat' dir='ltr'>hinc</span> <span class='ocrx_word' id='word_1_79' title='bbox 467 1746 646 1811; x_wconf 90' lang='lat' dir='ltr'>materiam</span> <span class='ocrx_word' id='word_1_80' title='bbox 675 1745 713 1810; x_wconf 89' lang='lat' dir='ltr'>in</span> <span class='ocrx_word' id='word_1_81' title='bbox 745 1751 916 1812; x_wconf 87' lang='lat' dir='ltr'>senatores</span> <span class='ocrx_word' id='word_1_82' title='bbox 946 1746 1083 1812; x_wconf 84' lang='lat' dir='ltr'>furendi</span> <span class='ocrx_word' id='word_1_83' title='bbox 1117 1748 1305 1835; x_wconf 80' lang='lat' dir='ltr'>desumpse</span> 
     </span>
     <span class='ocr_line' id='line_1_12' title="bbox 194 1859 1304 1949; baseline 0.001 -24"><span class='ocrx_word' id='word_1_84' title='bbox 194 1866 284 1926; x_wconf 90' lang='lat' dir='ltr'>runt.</span> <span class='ocrx_word' id='word_1_85' title='bbox 319 1859 521 1925; x_wconf 81' lang='lat' dir='ltr'>Tumultum</span> <span class='ocrx_word' id='word_1_86' title='bbox 551 1883 572 1925; x_wconf 91' lang='lat' dir='ltr'>a</span> <span class='ocrx_word' id='word_1_87' title='bbox 599 1861 823 1947; x_wconf 87' lang='lat' dir='ltr'>praetorianis</span> <span class='ocrx_word' id='word_1_88' title='bbox 850 1862 1039 1948; x_wconf 87' lang='lat' dir='ltr'>profectum</span> <span class='ocrx_word' id='word_1_89' title='bbox 1070 1882 1144 1928; x_wconf 92' lang='lat' dir='ltr'>esse</span> <span class='ocrx_word' id='word_1_90' title='bbox 1177 1883 1304 1949; x_wconf 92' lang='lat' dir='ltr'>quoque</span> 
     </span>
     <span class='ocr_line' id='line_1_13' title="bbox 195 1974 1304 2063; baseline 0.002 -22"><span class='ocrx_word' id='word_1_91' title='bbox 195 1975 285 2042; x_wconf 83' lang='lat' dir='ltr'>Suet.</span> <span class='ocrx_word' id='word_1_92' title='bbox 314 1974 353 2043; x_wconf 90' lang='grc' dir='ltr'>Ο.</span> <span class='ocrx_word' id='word_1_93' title='bbox 378 1977 407 2041; x_wconf 86' lang='grc'>8.</span> <span class='ocrx_word' id='word_1_94' title='bbox 432 1976 554 2042; x_wconf 89' lang='lat' dir='ltr'>tradit:</span> <span class='ocrx_word' id='word_1_95' title='bbox 581 1976 755 2057; x_wconf 89' lang='lat' dir='ltr'>„animum</span> <span class='ocrx_word' id='word_1_96' title='bbox 774 1976 946 2063; x_wconf 89' lang='lat' dir='ltr'>fidemque</span> <span class='ocrx_word' id='word_1_97' title='bbox 966 1997 1045 2062; x_wconf 86' lang='lat' dir='ltr'>erga</span> <span class='ocrx_word' id='word_1_98' title='bbox 1063 1997 1099 2042; x_wconf 90' lang='lat' dir='ltr'>se</span> <span class='ocrx_word' id='word_1_99' title='bbox 1127 1978 1304 2063; x_wconf 88' lang='lat' dir='ltr'>praetoria-</span> 
     </span>
     <span class='ocr_line' id='line_1_14' title="bbox 195 2091 1301 2179; baseline 0.002 -25"><span class='ocrx_word' id='word_1_100' title='bbox 195 2112 319 2156; x_wconf 88' lang='lat' dir='ltr'>norum</span> <span class='ocrx_word' id='word_1_101' title='bbox 350 2112 457 2177; x_wconf 89' lang='lat' dir='ltr'>paone</span> <span class='ocrx_word' id='word_1_102' title='bbox 487 2092 718 2157; x_wconf 85' lang='lat' dir='ltr'>internecione</span> <span class='ocrx_word' id='word_1_103' title='bbox 749 2091 952 2178; x_wconf 90' lang='lat' dir='ltr'>amplissimi</span> <span class='ocrx_word' id='word_1_104' title='bbox 983 2091 1114 2157; x_wconf 89' lang='lat' dir='ltr'>ordinis</span> <span class='ocrx_word' id='word_1_105' title='bbox 1146 2097 1301 2179; x_wconf 85' lang='lat' dir='ltr'>expertus</span> 
     </span>
     <span class='ocr_line' id='line_1_15' title="bbox 197 2205 1305 2294; baseline 0 -24"><span class='ocrx_word' id='word_1_106' title='bbox 197 2211 254 2271; x_wconf 87' lang='lat' dir='ltr'>est.</span> <span class='ocrx_word' id='word_1_107' title='bbox 268 2243 312 2253; x_wconf 91' lang='lat'>-</span> <span class='ocrx_word' id='word_1_108' title='bbox 324 2227 362 2272; x_wconf 90' lang='lat' dir='ltr'>ea</span> <span class='ocrx_word' id='word_1_109' title='bbox 376 2205 431 2292; x_wconf 88' lang='lat' dir='ltr'>(sc.</span> <span class='ocrx_word' id='word_1_110' title='bbox 453 2208 560 2294; x_wconf 85' lang='lat' dir='ltr'>arma)</span> <span class='ocrx_word' id='word_1_111' title='bbox 580 2227 660 2272; x_wconf 92' lang='lat' dir='ltr'>cum</span> <span class='ocrx_word' id='word_1_112' title='bbox 676 2206 713 2271; x_wconf 86' lang='lat' dir='ltr'>in</span> <span class='ocrx_word' id='word_1_113' title='bbox 730 2205 847 2271; x_wconf 88' lang='lat' dir='ltr'>castris</span> <span class='ocrx_word' id='word_1_114' title='bbox 869 2205 932 2272; x_wconf 90' lang='lat' dir='ltr'>sub</span> <span class='ocrx_word' id='word_1_115' title='bbox 956 2211 1092 2271; x_wconf 86' lang='lat' dir='ltr'>noctem</span> <span class='ocrx_word' id='word_1_116' title='bbox 1113 2228 1305 2292; x_wconf 90' lang='lat' dir='ltr'>promeren-</span> 
     </span>
     <span class='ocr_line' id='line_1_16' title="bbox 194 2319 1303 2408; baseline 0 -22"><span class='ocrx_word' id='word_1_117' title='bbox 194 2325 259 2402; x_wconf 90' lang='lat' dir='ltr'>tur,</span> <span class='ocrx_word' id='word_1_118' title='bbox 291 2320 432 2387; x_wconf 92' lang='lat' dir='ltr'>insidias</span> <span class='ocrx_word' id='word_1_119' title='bbox 462 2321 604 2407; x_wconf 91' lang='lat' dir='ltr'>quidam</span> <span class='ocrx_word' id='word_1_120' title='bbox 634 2321 794 2408; x_wconf 87' lang='lat' dir='ltr'>suspicati</span> <span class='ocrx_word' id='word_1_121' title='bbox 821 2319 1009 2387; x_wconf 90' lang='lat' dir='ltr'>tumultum</span> <span class='ocrx_word' id='word_1_122' title='bbox 1037 2320 1303 2387; x_wconf 85' lang='lat' dir='ltr'>excitaverunt.&#39;&#39;</span> 
     </span>
     <span class='ocr_line' id='line_1_17' title="bbox 179 2415 1302 2523; baseline -0.003 -20"><span class='ocrx_word' id='word_1_123' title='bbox 179 2415 300 2503; x_wconf 86' lang='lat' dir='ltr'>¹Vides</span> <span class='ocrx_word' id='word_1_124' title='bbox 319 2435 427 2502; x_wconf 84' lang='lat' dir='ltr'>Taciti</span> <span class='ocrx_word' id='word_1_125' title='bbox 451 2436 681 2503; x_wconf 90' lang='lat' dir='ltr'>narrationem</span> <span class='ocrx_word' id='word_1_126' title='bbox 701 2457 771 2501; x_wconf 93' lang='lat' dir='ltr'>non</span> <span class='ocrx_word' id='word_1_127' title='bbox 795 2435 838 2502; x_wconf 93' lang='lat' dir='ltr'>ab</span> <span class='ocrx_word' id='word_1_128' title='bbox 858 2436 952 2501; x_wconf 93' lang='lat' dir='ltr'>omni</span> <span class='ocrx_word' id='word_1_129' title='bbox 972 2440 1067 2523; x_wconf 85' lang='lat' dir='ltr'>parte</span> <span class='ocrx_word' id='word_1_130' title='bbox 1090 2435 1239 2522; x_wconf 90' lang='lat' dir='ltr'>planam</span> <span class='ocrx_word' id='word_1_131' title='bbox 1261 2457 1302 2501; x_wconf 81' lang='lat' dir='ltr'>os</span> 
     </span>
     <span class='ocr_line' id='line_1_18' title="bbox 194 2546 1304 2637; baseline 0 -22"><span class='ocrx_word' id='word_1_132' title='bbox 194 2572 239 2632; x_wconf 88' lang='lat' dir='ltr'>se,</span> <span class='ocrx_word' id='word_1_133' title='bbox 263 2556 301 2615; x_wconf 93' lang='lat' dir='ltr'>ut</span> <span class='ocrx_word' id='word_1_134' title='bbox 323 2550 592 2637; x_wconf 90' lang='lat' dir='ltr'>haudquaquam</span> <span class='ocrx_word' id='word_1_135' title='bbox 615 2550 802 2617; x_wconf 90' lang='lat' dir='ltr'>absurdum</span> <span class='ocrx_word' id='word_1_136' title='bbox 826 2551 869 2616; x_wconf 90' lang='lat' dir='ltr'>sit</span> <span class='ocrx_word' id='word_1_137' title='bbox 900 2549 1127 2616; x_wconf 90' lang='lat' dir='ltr'>Plutarchum</span> <span class='ocrx_word' id='word_1_138' title='bbox 1147 2546 1220 2616; x_wconf 86' lang='lat' dir='ltr'>¹seu</span> <span class='ocrx_word' id='word_1_139' title='bbox 1250 2551 1304 2615; x_wconf 84' lang='lat' dir='ltr'>Ta·</span> 
     </span>
     <span class='ocr_line' id='line_1_19' title="bbox 195 2664 1303 2752; baseline -0.002 -21"><span class='ocrx_word' id='word_1_140' title='bbox 195 2665 254 2731; x_wconf 91' lang='lat' dir='ltr'>citi</span> <span class='ocrx_word' id='word_1_141' title='bbox 277 2685 414 2730; x_wconf 88' lang='lat' dir='ltr'>sensum</span> <span class='ocrx_word' id='word_1_142' title='bbox 437 2686 542 2752; x_wconf 88' lang='lat' dir='ltr'>prave</span> <span class='ocrx_word' id='word_1_143' title='bbox 564 2664 828 2751; x_wconf 81' lang='lat' dir='ltr'>intellegentem,</span> <span class='ocrx_word' id='word_1_144' title='bbox 852 2687 911 2730; x_wconf 91' lang='lat' dir='ltr'>seu</span> <span class='ocrx_word' id='word_1_145' title='bbox 933 2665 1037 2729; x_wconf 91' lang='lat' dir='ltr'>nimis</span> <span class='ocrx_word' id='word_1_146' title='bbox 1060 2671 1191 2730; x_wconf 88' lang='lat' dir='ltr'>temere</span> <span class='ocrx_word' id='word_1_147' title='bbox 1215 2664 1303 2729; x_wconf 89' lang='lat' dir='ltr'>huno</span> 
     </span>
     <span class='ocr_line' id='line_1_20' title="bbox 195 2778 1302 2866; baseline -0.001 -21"><span class='ocrx_word' id='word_1_148' title='bbox 195 2780 308 2846; x_wconf 88' lang='lat' dir='ltr'>locum</span> <span class='ocrx_word' id='word_1_149' title='bbox 327 2778 558 2866; x_wconf 85' lang='lat' dir='ltr'>perlegentem</span> <span class='ocrx_word' id='word_1_150' title='bbox 579 2779 691 2846; x_wconf 88' lang='lat' dir='ltr'>Ostiae</span> <span class='ocrx_word' id='word_1_151' title='bbox 710 2781 911 2846; x_wconf 88' lang='lat' dir='ltr'>seditionem</span> <span class='ocrx_word' id='word_1_152' title='bbox 934 2785 1044 2846; x_wconf 88' lang='lat' dir='ltr'>ortam</span> <span class='ocrx_word' id='word_1_153' title='bbox 1068 2801 1140 2846; x_wconf 88' lang='lat' dir='ltr'>esse</span> <span class='ocrx_word' id='word_1_154' title='bbox 1162 2779 1302 2846; x_wconf 84' lang='lat' dir='ltr'>tradere.</span> 
     </span>
    </p>

    <p class='ocr_par' dir='ltr' id='par_1_3' title="bbox 193 2892 1302 3438">
     <span class='ocr_line' id='line_1_21' title="bbox 236 2892 1302 2980; baseline -0.006 -18"><span class='ocrx_word' id='word_1_155' title='bbox 236 2896 333 2975; x_wconf 80' lang='lat' dir='ltr'>Gap.</span> <span class='ocrx_word' id='word_1_156' title='bbox 346 2897 384 2962; x_wconf 93' lang='lat'>4.</span> <span class='ocrx_word' id='word_1_157' title='bbox 407 2896 461 2956; x_wconf 79' lang='grc' dir='ltr'>ναὶ</span> <span class='ocrx_word' id='word_1_158' title='bbox 482 2893 541 2956; x_wconf 85' lang='grc' dir='ltr'><em>τὸν</em></span> <span class='ocrx_word' id='word_1_159' title='bbox 564 2894 604 2956; x_wconf 82' lang='grc' dir='ltr'>ἐν</span> <span class='ocrx_word' id='word_1_160' title='bbox 627 2896 857 2975; x_wconf 82' lang='grc' dir='ltr'><em>μεσοποταμίᾳ</em></span> <span class='ocrx_word' id='word_1_161' title='bbox 883 2894 976 2980; x_wconf 82' lang='grc' dir='ltr'><em>νήσῳ</em></span> <span class='ocrx_word' id='word_1_162' title='bbox 1005 2892 1106 2956; x_wconf 78' lang='grc' dir='ltr'><em>Γαΐαν</em></span> <span class='ocrx_word' id='word_1_163' title='bbox 1132 2893 1302 2974; x_wconf 77' lang='grc' dir='ltr'><em>Καίσαρος</em></span> 
     </span>
     <span class='ocr_line' id='line_1_22' title="bbox 194 3004 1301 3095; baseline 0.004 -23"><span class='ocrx_word' id='word_1_164' title='bbox 194 3009 376 3092; x_wconf 76' lang='grc' dir='ltr'><em>ἀνδριάντα</em></span> <span class='ocrx_word' id='word_1_165' title='bbox 387 3010 473 3095; x_wconf 78' lang='grc' dir='ltr'><em>μήτε</em></span> <span class='ocrx_word' id='word_1_166' title='bbox 491 3004 628 3088; x_wconf 82' lang='grc' dir='ltr'><em>σεισμοῦ</em></span> <span class='ocrx_word' id='word_1_167' title='bbox 638 3010 828 3092; x_wconf 74' lang='grc' dir='ltr'><em>γεγονότος</em></span> <span class='ocrx_word' id='word_1_168' title='bbox 837 3011 923 3092; x_wconf 77' lang='grc' dir='ltr'><em>μήτε</em></span> <span class='ocrx_word' id='word_1_169' title='bbox 937 3008 1126 3091; x_wconf 75' lang='grc' dir='ltr'>πνεύματοςΙ</span> <span class='ocrx_word' id='word_1_170' title='bbox 1142 3011 1203 3094; x_wconf 84' lang='grc' dir='ltr'>ἀφ’</span> <span class='ocrx_word' id='word_1_171' title='bbox 1214 3014 1301 3077; x_wconf 81' lang='grc' dir='ltr'><em>ἑσπέ-</em></span> 
     </span>
     <span class='ocr_line' id='line_1_23' title="bbox 193 3118 1301 3210; baseline 0.002 -23"><span class='ocrx_word' id='word_1_172' title='bbox 193 3146 256 3206; x_wconf 72' lang='grc' dir='ltr'>ρας</span> <span class='ocrx_word' id='word_1_173' title='bbox 282 3126 565 3206; x_wconf 81' lang='grc' dir='ltr'><em>μεταστραφέντα</em></span> <span class='ocrx_word' id='word_1_174' title='bbox 595 3118 679 3205; x_wconf 72' lang='grc' dir='ltr'><em>πρὸς</em></span> <span class='ocrx_word' id='word_1_175' title='bbox 707 3124 768 3205; x_wconf 77' lang='grc' dir='ltr'><em>τάς</em></span> <span class='ocrx_word' id='word_1_176' title='bbox 795 3123 973 3205; x_wconf 75' lang='grc' dir='ltr'><em>ἀνατολάς·</em></span> <span class='ocrx_word' id='word_1_177' title='bbox 994 3125 1014 3188; x_wconf 89' lang='grc' dir='ltr'><strong><em>ὅ</em></strong></span> <span class='ocrx_word' id='word_1_178' title='bbox 1035 3139 1118 3206; x_wconf 84' lang='grc' dir='ltr'><em>φασι</em></span> <span class='ocrx_word' id='word_1_179' title='bbox 1142 3126 1301 3210; x_wconf 67' lang='grc' dir='ltr'><em>συμβῆναι</em></span> 
     </span>
     <span class='ocr_line' id='line_1_24' title="bbox 193 3237 1299 3322; baseline 0.003 -20"><span class='ocrx_word' id='word_1_180' title='bbox 193 3242 267 3321; x_wconf 83' lang='grc' dir='ltr'><em>περὶ</em></span> <span class='ocrx_word' id='word_1_181' title='bbox 290 3239 350 3320; x_wconf 75' lang='grc' dir='ltr'><em>τὰς</em></span> <span class='ocrx_word' id='word_1_182' title='bbox 378 3240 505 3322; x_wconf 74' lang='grc' dir='ltr'><em>ἡμέρας</em></span> <span class='ocrx_word' id='word_1_183' title='bbox 531 3241 672 3320; x_wconf 74' lang='grc' dir='ltr'><em>ἐκείνας,</em></span> <span class='ocrx_word' id='word_1_184' title='bbox 695 3240 734 3303; x_wconf 87' lang='grc' dir='ltr'>ἐν</span> <span class='ocrx_word' id='word_1_185' title='bbox 754 3238 807 3321; x_wconf 75' lang='grc' dir='ltr'>αἷς</span> <span class='ocrx_word' id='word_1_186' title='bbox 827 3242 859 3302; x_wconf 86' lang='grc' dir='ltr'>οἱ</span> <span class='ocrx_word' id='word_1_187' title='bbox 878 3241 953 3321; x_wconf 82' lang='grc' dir='ltr'><em>περὶ</em></span> <span class='ocrx_word' id='word_1_188' title='bbox 980 3237 1232 3304; x_wconf 80' lang='grc' dir='ltr'><em>Οὐεσπεσιανὸν</em></span> <span class='ocrx_word' id='word_1_189' title='bbox 1251 3243 1299 3321; x_wconf 84' lang='grc' dir='ltr'>ἐμ-</span> 
     </span>
     <span class='ocr_line' id='line_1_25' title="bbox 194 3353 1041 3438; baseline 0.001 -22"><span class='ocrx_word' id='word_1_190' title='bbox 194 3364 312 3437; x_wconf 73' lang='grc' dir='ltr'><em>φανῶς</em></span> <span class='ocrx_word' id='word_1_191' title='bbox 332 3354 395 3438; x_wconf 81' lang='grc' dir='ltr'>ἠὸη</span> <span class='ocrx_word' id='word_1_192' title='bbox 416 3363 486 3417; x_wconf 84' lang='grc' dir='ltr'><em>τῶν</em></span> <span class='ocrx_word' id='word_1_193' title='bbox 506 3355 714 3436; x_wconf 76' lang='grc' dir='ltr'><em>πραγμάτων</em></span> <span class='ocrx_word' id='word_1_194' title='bbox 735 3353 1041 3436; x_wconf 82' lang='grc' dir='ltr'><em>ἀντελαμβάνοντο.</em></span> 
     </span>
    </p>

    <p class='ocr_par' dir='ltr' id='par_1_4' title="bbox 191 3470 1300 4248">
     <span class='ocr_line' id='line_1_26' title="bbox 236 3470 1299 3559; baseline -0.002 -20"><span class='ocrx_word' id='word_1_195' title='bbox 236 3473 373 3540; x_wconf 82' lang='lat' dir='ltr'>Erravit</span> <span class='ocrx_word' id='word_1_196' title='bbox 383 3472 597 3554; x_wconf 88' lang='lat' dir='ltr'>Plutarchus,</span> <span class='ocrx_word' id='word_1_197' title='bbox 611 3473 692 3537; x_wconf 90' lang='lat' dir='ltr'>nam</span> <span class='ocrx_word' id='word_1_198' title='bbox 701 3471 931 3557; x_wconf 89' lang='lat' dir='ltr'>Vespasianus</span> <span class='ocrx_word' id='word_1_199' title='bbox 942 3471 1061 3557; x_wconf 90' lang='lat' dir='ltr'>suique</span> <span class='ocrx_word' id='word_1_200' title='bbox 1072 3470 1191 3557; x_wconf 88' lang='lat' dir='ltr'>palam</span> <span class='ocrx_word' id='word_1_201' title='bbox 1199 3473 1299 3559; x_wconf 82' lang='lat' dir='ltr'>impe</span> 
     </span>
     <span class='ocr_line' id='line_1_27' title="bbox 192 3584 1297 3674; baseline -0.002 -20"><span class='ocrx_word' id='word_1_202' title='bbox 192 3589 281 3654; x_wconf 90' lang='lat' dir='ltr'>rium</span> <span class='ocrx_word' id='word_1_203' title='bbox 293 3589 449 3654; x_wconf 87' lang='lat' dir='ltr'>affectare</span> <span class='ocrx_word' id='word_1_204' title='bbox 462 3586 609 3673; x_wconf 82' lang='lat' dir='ltr'>aggressi</span> <span class='ocrx_word' id='word_1_205' title='bbox 621 3592 700 3653; x_wconf 89' lang='lat' dir='ltr'>sunt</span> <span class='ocrx_word' id='word_1_206' title='bbox 717 3585 795 3652; x_wconf 90' lang='lat' dir='ltr'>Kal.</span> <span class='ocrx_word' id='word_1_207' title='bbox 814 3585 878 3651; x_wconf 92' lang='lat' dir='ltr'>Iul.</span> <span class='ocrx_word' id='word_1_208' title='bbox 896 3584 986 3671; x_wconf 84' lang='lat' dir='ltr'>(Tac.</span> <span class='ocrx_word' id='word_1_209' title='bbox 1000 3585 1045 3651; x_wconf 87' lang='lat' dir='ltr'>H.</span> <span class='ocrx_word' id='word_1_210' title='bbox 1063 3585 1108 3652; x_wconf 89' lang='lat' dir='ltr'>II.</span> <span class='ocrx_word' id='word_1_211' title='bbox 1128 3587 1195 3674; x_wconf 87' lang='grc'>79.)</span> <span class='ocrx_word' id='word_1_212' title='bbox 1213 3587 1297 3653; x_wconf 83' lang='lat' dir='ltr'>Suet.</span> 
     </span>
     <span class='ocr_line' id='line_1_28' title="bbox 192 3692 1299 3791; baseline -0.006 -19"><span class='ocrx_word' id='word_1_213' title='bbox 192 3704 293 3791; x_wconf 89' lang='lat' dir='ltr'>Vesp.</span> <span class='ocrx_word' id='word_1_214' title='bbox 307 3703 337 3769; x_wconf 88' lang='lat'>5.</span> <span class='ocrx_word' id='word_1_215' title='bbox 358 3703 462 3769; x_wconf 88' lang='lat' dir='ltr'>tradit</span> <span class='ocrx_word' id='word_1_216' title='bbox 479 3692 728 3789; x_wconf 86' lang='lat' dir='ltr'>Vespasianum</span> <span class='ocrx_word' id='word_1_217' title='bbox 747 3694 818 3767; x_wconf 84' lang='lat' dir='ltr'>iarn</span> <span class='ocrx_word' id='word_1_218' title='bbox 834 3700 968 3787; x_wconf 90' lang='lat' dir='ltr'>pridem</span> <span class='ocrx_word' id='word_1_219' title='bbox 984 3721 1080 3787; x_wconf 91' lang='lat' dir='ltr'>spem</span> <span class='ocrx_word' id='word_1_220' title='bbox 1092 3701 1232 3787; x_wconf 90' lang='lat' dir='ltr'>imperii</span> <span class='ocrx_word' id='word_1_221' title='bbox 1244 3722 1299 3788; x_wconf 92' lang='lat' dir='ltr'>per</span> 
     </span>
     <span class='ocr_line' id='line_1_29' title="bbox 191 3814 1300 3904; baseline -0.003 -21"><span class='ocrx_word' id='word_1_222' title='bbox 191 3817 286 3884; x_wconf 89' lang='lat' dir='ltr'>varia</span> <span class='ocrx_word' id='word_1_223' title='bbox 297 3822 429 3882; x_wconf 88' lang='lat' dir='ltr'>ostenta</span> <span class='ocrx_word' id='word_1_224' title='bbox 448 3817 648 3904; x_wconf 89' lang='lat' dir='ltr'>concepisse.</span> <span class='ocrx_word' id='word_1_225' title='bbox 665 3816 759 3882; x_wconf 91' lang='lat' dir='ltr'>Inter</span> <span class='ocrx_word' id='word_1_226' title='bbox 771 3814 947 3901; x_wconf 87' lang='lat' dir='ltr'>complura</span> <span class='ocrx_word' id='word_1_227' title='bbox 963 3819 1131 3880; x_wconf 87' lang='lat' dir='ltr'>memorat</span> <span class='ocrx_word' id='word_1_228' title='bbox 1145 3816 1300 3896; x_wconf 90' lang='lat' dir='ltr'>,comitia</span> 
     </span>
     <span class='ocr_line' id='line_1_30' title="bbox 191 3928 1300 4011; baseline -0.002 -13"><span class='ocrx_word' id='word_1_229' title='bbox 191 3932 331 3998; x_wconf 84' lang='lat' dir='ltr'>secundi</span> <span class='ocrx_word' id='word_1_230' title='bbox 365 3931 560 3998; x_wconf 87' lang='lat' dir='ltr'>consulatus</span> <span class='ocrx_word' id='word_1_231' title='bbox 583 3932 723 3996; x_wconf 90' lang='lat' dir='ltr'>ineunte</span> <span class='ocrx_word' id='word_1_232' title='bbox 747 3928 865 4011; x_wconf 88' lang='lat' dir='ltr'>Galba,</span> <span class='ocrx_word' id='word_1_233' title='bbox 893 3935 1039 3996; x_wconf 88' lang='lat' dir='ltr'>statuam</span> <span class='ocrx_word' id='word_1_234' title='bbox 1062 3929 1143 3997; x_wconf 84' lang='lat' dir='ltr'>Divi</span> <span class='ocrx_word' id='word_1_235' title='bbox 1167 3930 1237 3996; x_wconf 94' lang='lat' dir='ltr'>Iuli</span> <span class='ocrx_word' id='word_1_236' title='bbox 1259 3929 1300 3996; x_wconf 90' lang='lat' dir='ltr'>ad</span> 
     </span>
     <span class='ocr_line' id='line_1_31' title="bbox 192 4044 1299 4133; baseline -0.002 -20"><span class='ocrx_word' id='word_1_237' title='bbox 192 4046 365 4113; x_wconf 89' lang='lat' dir='ltr'>Orientem</span> <span class='ocrx_word' id='word_1_238' title='bbox 385 4052 505 4133; x_wconf 87' lang='lat' dir='ltr'>sponte</span> <span class='ocrx_word' id='word_1_239' title='bbox 525 4046 755 4113; x_wconf 83' lang='lat' dir='ltr'>conversam.&#39;&#39;</span> <span class='ocrx_word' id='word_1_240' title='bbox 771 4044 974 4111; x_wconf 86' lang='lat' dir='ltr'>Plutarchus</span> <span class='ocrx_word' id='word_1_241' title='bbox 990 4050 1188 4131; x_wconf 88' lang='lat' dir='ltr'>portentum</span> <span class='ocrx_word' id='word_1_242' title='bbox 1205 4045 1299 4126; x_wconf 91' lang='lat' dir='ltr'>illud,</span> 
     </span>
     <span class='ocr_line' id='line_1_32' title="bbox 194 4160 1300 4248; baseline -0.003 -21"><span class='ocrx_word' id='word_1_243' title='bbox 194 4161 283 4248; x_wconf 92' lang='lat' dir='ltr'>quod</span> <span class='ocrx_word' id='word_1_244' title='bbox 306 4161 402 4228; x_wconf 91' lang='lat' dir='ltr'>nulla</span> <span class='ocrx_word' id='word_1_245' title='bbox 426 4161 666 4248; x_wconf 87' lang='lat' dir='ltr'>explanatione</span> <span class='ocrx_word' id='word_1_246' title='bbox 689 4160 805 4228; x_wconf 89' lang='lat' dir='ltr'>addita</span> <span class='ocrx_word' id='word_1_247' title='bbox 828 4161 905 4227; x_wconf 81' lang='lat' dir='ltr'>Tac.</span> <span class='ocrx_word' id='word_1_248' title='bbox 926 4160 971 4227; x_wconf 89' lang='lat' dir='ltr'>H.</span> <span class='ocrx_word' id='word_1_249' title='bbox 992 4160 1019 4227; x_wconf 86' lang='grc' dir='ltr'>Ι.</span> <span class='ocrx_word' id='word_1_250' title='bbox 1044 4161 1086 4226; x_wconf 88' lang='grc'>86</span> <span class='ocrx_word' id='word_1_251' title='bbox 1109 4161 1226 4243; x_wconf 89' lang='lat' dir='ltr'>tradit,</span> <span class='ocrx_word' id='word_1_252' title='bbox 1249 4182 1300 4226; x_wconf 89' lang='lat' dir='ltr'>ex-</span> 
     </span>
    </p>
   </div>
   <div class='ocr_carea' id='block_1_3' title="bbox 0 0 1524 5190">
    <p class='ocr_par' dir='ltr' id='par_1_5' title="bbox 0 0 1524 5190">
     <span class='ocr_line' id='line_1_33' title="bbox 0 0 1524 5190; baseline 0 2"><span class='ocrx_word' id='word_1_253' title='bbox 0 0 1524 5190; x_wconf 95' lang='lat' dir='ltr'> </span> 
     </span>
    </p>
   </div>
  </div>
 </body>
</html>
