3030 5190
557 537 646 603 145

66 729 174 794 modo
202 727 393 816 probabilia
415 729 484 794 sint
506 751 569 794 nec
592 729 687 793 omni
709 750 811 794 sanae
834 728 959 795 rationi
982 736 1182 815 repugnent,

66 865 110 908 ex
146 843 212 909 hac
242 849 337 931 parte
367 843 486 911 saltem
520 843 657 909 nullum
687 843 803 909 Tacito
835 842 1017 930 ¹Plutarchi
1053 845 1182 910 auctori

65 957 357 1044 impedimentum
381 958 494 1023 offerri
510 958 700 1024 ostendant.
719 957 833 1044 Atque
856 979 940 1044 quas
963 958 1081 1023 Lezius
1106 979 1183 1045 pro·

64 1072 133 1137 fert
163 1093 291 1154 causas,
322 1093 441 1143 omnes
471 1072 607 1141 admitti
641 1078 794 1159 possunt,
828 1070 923 1139 velut
957 1070 1181 1138 Plutarchum

64 1185 246 1253 subtiliora
261 1187 449 1273 neglegere,
470 1209 516 1274 qu
539 1158 557 1253 e
577 1185 748 1274 praebeat,
771 1185 927 1273 pluribus
949 1185 1064 1253 verbis
1087 1208 1182 1252 exor-

64 1322 149 1366 nare
174 1301 240 1387 (pg.
270 1301 356 1389 174),
381 1323 531 1388 parvaa
580 1301 756 1382 itamenta,
783 1299 950 1367 formulae
981 1301 1181 1367 transeundi

63 1437 169 1482 causa
184 1415 330 1482 insertae
348 1416 415 1503 (pg.
437 1416 524 1503 175),
540 1417 778 1483 exornationes
794 1415 862 1503 (pg.
880 1416 967 1504 176),
984 1416 1045 1482 illa
1062 1414 1183 1502 ampli-

62 1528 191 1610 ficatio,
210 1551 313 1616 quam
331 1531 402 1596 iam
422 1531 563 1612 Kranae,
580 1532 696 1616 Lange
712 1530 801 1617 (pgg.
820 1528 963 1618 21-27)
979 1534 1179 1596 tractarunt.

110 1645 359 1713 Verumtamen
379 1645 465 1711 aliae
482 1651 563 1712 sunt
579 1667 708 1727 causae,
727 1666 814 1731 quae
830 1645 988 1712 Tacitum
1003 1644 1179 1711 Plutarchi

61 1758 198 1825 fontem
222 1760 325 1826 fuisse
348 1760 560 1827 confirment.
586 1759 807 1827 Plutarchum
837 1750 994 1827 Tacitum
1009 1780 1114 1847 prave
1129 1759 1181 1824 in-

61 1874 237 1941 tellexisse
272 1875 390 1943 videri.
431 1875 562 1961 (Lenius
596 1898 651 1963 pg.
688 1876 774 1963 173.)
816 1876 936 1941 Postea
969 1874 1011 1941 de
1046 1875 1111 1941 hac
1144 1894 1180 1939 re

61 1988 207 2055 uberius
234 1994 380 2071 aeturus,
404 2012 514 2056 unum
538 1996 673 2057 tantum
697 1988 895 2077 exemplum
918 1989 1063 2071 tradam,
1088 1989 1180 2076 quod

61 2102 200 2190 primus
223 2104 416 2170 Mommsen
440 2106 466 2192 1)
486 2103 652 2233 praebuit.
678 2106 739 2171 Est
757 2105 851 2170 locus
874 2104 914 2170 G.
940 2105 992 2187 23,
1014 2105 1056 2170 de
1071 2102 1182 2170 Galba

59 2218 160 2304 apud
177 2218 302 2285 milites
321 2220 364 2286 de
380 2220 512 2285 Pisonis
536 2219 719 2307 adopt1one
741 2219 846 2287 verba
861 2217 1019 2286 faciente:
1039 2217 1182 2299 ἀρξαμέ-

59 2352 130 2395 νου
152 2331 190 2396 ot
217 2333 259 2395 τὰ
284 2334 350 2412 μὲν
377 2333 513 2416 λέγειν
538 2335 577 2397 ἐν
602 2341 650 2414 τῷ
672 2333 899 2415 crearem—feo),
927 2333 968 2397 τὰ
990 2332 1029 2396 ὁὲ
1049 2334 1182 2416 ἀναγι-

60 2447 237 2510 νώσκειν
259 2455 320 2516 etc.
346 2451 463 2516 Monet
483 2451 676 2516 Mommsen
700 2451 737 2515 in
760 2450 944 2537 adoptione
968 2448 1018 2514 nil
1037 2449 1181 2530 recitari,

59 2563 126 2630 sed
151 2563 325 2630 Plutarchi
349 2586 498 2632 errorem
517 2565 574 2632 hic
596 2587 771 2632 occurrere
791 2565 1017 2652 profectuma
1040 2563 1117 2629 Tac.
1134 2563 1180 2630 H.

58 2679 90 2744 I.
119 2679 179 2743 18:
202 2679 314 2765 ,apud
334 2679 548 2766 frequentem
571 2679 722 2746 militum
745 2680 939 2746 contionem
961 2677 1181 2765 imperatoria

58 2793 244 2860 brevitate
266 2794 422 2881 adoptari
453 2815 474 2860 a
504 2816 539 2861 se
569 2795 729 2861 Pisonem
758 2815 852 2860 more
883 2793 955 2861 divi
979 2791 1124 2878 Augusti
1148 2796 1181 2856 et

58 2908 225 2995 exemplo
255 2909 407 2990 militari,
443 2930 510 2997 que
546 2910 599 2978 vir
633 2909 747 2977 virum
782 2909 958 2996 legeret,
993 2928 1179 2996 pronun-

56 3023 182 3090 tiat.''
205 3022 329 3089 Procul
352 3022 457 3091 dubio
483 3029 573 3090 recte
595 3023 724 3090 iudicat
750 3022 872 3106 λέγειν,
894 3022 1137 3103 ἀναγινώσκειν
1157 3042 1175 3087 e

62 3138 227 3224 „legeret
251 3139 471 3226 pronuntiat’'
496 3145 609 3207 ortum
633 3160 713 3205 esse.

110 3253 217 3328 Porro
241 3254 403 3320 coartatio
426 3276 552 3335 rerum,
569 3254 711 3322 diversis
730 3254 813 3320 locis
835 3232 928 3340 apud
947 3251 1104 3318 Tacitum
1127 3272 1180 3317 oc-

59 3367 290 3448 currentium,
320 3367 416 3435 velut
437 3369 477 3435 G.
503 3369 545 3435 22
569 3369 611 3435 de
635 3369 800 3436 seditione
827 3366 1024 3433 Germanici
1055 3368 1181 3434 exerci-

59 3489 131 3564 tus,
157 3481 195 3548 Ο.
221 3484 239 3549 1
264 3483 306 3548 de
326 3482 447 3570 primis
465 3483 612 3550 Othonis
637 3482 852 3571 imperatoris
875 3482 958 3549 actis
981 3482 1018 3568 2),
1041 3481 1181 3548 demon·

104 3720 130 3786 1)
149 3720 166 3772 l.
184 3720 202 3771 l.
220 3737 262 3787 pg.
283 3719 343 3774 306.
362 3719 421 3772 adn.
444 3720 470 3772 4.
494 3719 611 3790 Quisque
633 3719 703 3774 videt
724 3719 773 3772 hoc
796 3719 951 3786 exemplum,
970 3737 986 3771 a
1006 3718 1178 3772 Mommsenio

61 3825 97 3869 ut
114 3833 277 3868 communem
294 3817 392 3869 iontem
410 3817 552 3883 confirmet,
571 3818 708 3884 prolatum,
726 3833 741 3869 e
759 3816 886 3869 contrario
904 3816 962 3883 plus
984 3823 1100 3868 nostram
1122 3832 1182 3882 par-

64 3922 121 3966 tem
140 3911 270 3966 adiuvare.

103 4007 131 4077 2)
149 4009 249 4062 Lezius.
268 4011 286 4061 1.
304 4010 321 4062 1.
341 4027 398 4078 pgg.
417 4009 531 4076 27-37,
550 4010 655 4078 exponit
673 4011 706 4064 G.
725 4009 759 4063 22
778 4027 792 4062 e
810 4009 872 4061 locis
885 4009 946 4061 Tac.
961 4007 998 4060 H.
1013 4008 1035 4060 I.
1052 4008 1076 4074 5,
1096 4007 1180 4074 8,18,

64 4107 112 4171 51,
131 4103 173 4170 52,
192 4106 304 4172 55-57,
323 4123 381 4178 pgg.
401 4106 513 4160 73-78.
533 4106 565 4159 Ο.
586 4109 609 4160 1.
628 4125 642 4159 e
660 4108 691 4160 T.
712 4109 749 4160 H.
768 4109 790 4158 Ι.
806 4107 849 4170 47,
864 4106 908 4170 71,
923 4106 965 4170 77,
980 4103 1022 4169 90,
1041 4106 1180 4158 conflatum

65 4219 132 4254 esse.
