3030 5190
736 491 779 557 44

198 691 314 753 menta
341 690 429 767 sunt,
457 683 499 749 de
527 682 652 770 quibus
674 683 744 749 iam
767 689 868 749 antea
890 684 1021 751 affatim
1044 683 1230 750 dissertum
1255 690 1310 750 est.

242 806 359 871 Restat
387 801 491 888 igitur
517 807 556 867 ut
585 805 695 867 totum
723 799 898 868 Plutarchi
929 801 1135 867 narrationis
1158 807 1310 867 tenorem

197 943 276 988 cum
299 919 408 986 Taciti
431 917 592 983 Historiis
614 922 769 983 accurate
786 937 1022 1003 comparemus
1041 921 1143 1003 atque
1163 916 1313 1003 inquira-

197 1057 274 1101 mus
303 1056 399 1115 num,
430 1032 599 1098 Historias
621 1031 659 1096 in
682 1052 748 1106 suo,
769 1052 870 1118 opere
894 1030 1073 1097 condendo
1096 1031 1141 1098 ad
1166 1053 1311 1098 manum

196 1149 337 1232 habens,
367 1148 456 1216 vitas
481 1147 583 1212 hasce
613 1145 760 1212 seribere
791 1145 939 1233 potuerit
973 1145 1180 1234 qualemque
1214 1147 1313 1213 ratio

197 1287 277 1332 nem
300 1265 338 1330 in
362 1284 400 1329 eo
424 1267 557 1328 secutus
588 1261 640 1327 sit.
672 1260 790 1327 Talem
822 1260 1080 1347 inquisitionem
1112 1260 1245 1344 LeziuS,
1275 1266 1313 1327 ut

196 1380 358 1461 vidimus,
382 1377 541 1460 instituit,
561 1378 621 1464 qui
640 1377 817 1464 utriusque
836 1375 942 1443 verba
961 1375 1149 1463 exscripsit,
1171 1375 1314 1462 diligen-

197 1501 248 1561 ter
278 1494 444 1582 pensavit.
470 1492 688 1580 Quamquam
711 1514 782 1558 non
806 1492 844 1557 in
867 1490 1027 1557 omnibus
1043 1512 1123 1556 cum
1144 1512 1184 1556 eo
1204 1491 1314 1558 facere

196 1631 334 1699 possum
359 1607 603 1695 nonnullisque
622 1607 704 1674 locis
729 1607 993 1694 discrepantiam
1017 1605 1115 1673 aliter
1140 1607 1314 1694 explicare

198 1725 329 1807 malim,
357 1745 494 1790 summa
520 1723 766 1790 dissertationis
791 1722 879 1787 mihi
902 1721 1003 1789 valde
1025 1722 1188 1787 satisfecit
1213 1721 1316 1789 stabi-

198 1843 341 1931 livitque
357 1863 478 1910 meam
501 1843 714 1930 opinionem:
741 1841 882 1907 omnino
905 1862 976 1908 non
1000 1840 1157 1907 Tacitum
1181 1841 1316 1908 Plutar-

198 1959 255 2026 chi
278 1962 451 2025 auctorem
474 1957 576 2023 fuisse
600 1956 717 2043 negari
740 1977 847 2044 posse.

241 2075 271 2141 E
294 2074 384 2140 Lezii
404 2073 692 2140 commentatione
718 2076 860 2160 apparet
877 2070 1112 2154 Plutarchum,
1128 2070 1211 2138 licet
1225 2072 1316 2139 mul-

198 2190 240 2256 tis
263 2189 346 2255 locis
365 2188 522 2255 Tacitum
545 2189 589 2255 ad
608 2187 753 2256 verbum
773 2186 988 2274 exscripserit
1010 2185 1229 2273 eundemque
1243 2187 1316 2254 fere

197 2325 312 2370 rerum
328 2303 484 2370 ordinem
501 2302 696 2385 servaverit,
713 2300 889 2389 complura
905 2322 965 2367 suo
981 2301 1119 2388 proprio
1138 2299 1317 2368 scribendi

196 2440 320 2505 genere
343 2439 489 2499 ornasse,
508 2417 683 2484 interdum
707 2439 766 2483 suo
783 2415 923 2483 arbitrio
947 2437 1047 2482 usum
1071 2436 1152 2496 esse,
1176 2417 1316 2504 saepius

197 2532 434 2600 memorabilia
457 2533 498 2599 de
515 2554 575 2599 suo
590 2533 771 2600 addidisse.
790 2529 904 2617 Atque
920 2530 1072 2617 primum
1092 2529 1134 2596 de
1153 2530 1206 2613 iis,
1224 2552 1316 2619 quae

197 2670 218 2715 a
243 2648 359 2715 Tacito
383 2649 533 2735 profecta
559 2654 648 2730 sunt,
675 2647 848 2728 disseram,
871 2650 911 2711 ut
934 2645 1057 2712 deinde
1079 2644 1123 2711 ad
1147 2666 1197 2727 ea,
1224 2667 1315 2732 quae

197 2761 337 2829 aliunde
361 2767 434 2829 orta
450 2762 529 2844 sint,
548 2784 609 2850 me·
620 2763 801 2828 conferam.
819 2760 965 2826 Difficile
985 2765 1035 2826 est
1052 2760 1198 2826 interea
1222 2782 1315 2847 quae

197 2878 314 2945 Tacito
334 2876 502 2944 debentur
524 2900 563 2944 ao
587 2899 674 2964 quae
697 2899 740 2943 ex
762 2877 829 2943 alio
851 2878 945 2942 fonte
967 2875 1081 2941 hausit
1103 2874 1318 2941 Plutarchus

197 2999 305 3060 certos
324 2993 408 3059 fines
431 2993 645 3059 constituere.
669 2991 820 3060 Diversis
843 2992 926 3058 locis
949 2991 1043 3056 enim
1065 2991 1237 3056 incertum
1260 2992 1314 3058 vi-

198 3108 297 3174 detur
320 3113 436 3174 utrum
459 3107 673 3189 Plutarchus,
698 3129 784 3194 quae
812 3107 904 3194 apud
927 3106 1084 3172 Tacitum
1109 3105 1312 3189 invenisset,

197 3222 429 3290 retractaverit
452 3228 554 3309 atque
573 3221 843 3308 amplificaverit,
866 3221 1035 3288 analium
1057 3225 1232 3286 auctorem
1252 3222 1313 3287 ad·

197 3336 356 3419 hibuerit,
388 3339 457 3424 qui,
488 3343 527 3403 ut
556 3338 723 3424 Lezius1)
753 3337 839 3418 vult,
870 3336 928 3402 hic
957 3335 1028 3401 illic
1055 3335 1158 3401 etiam
1189 3335 1311 3402 Tacito

196 3453 404 3519 1000100111.
429 3453 529 3532 Quod
552 3453 596 3519 ad
619 3453 730 3540 operis
753 3458 896 3538 partem,
921 3472 1007 3538 quae
1030 3472 1051 3516 a
1079 3449 1197 3516 Tacito
1221 3449 1312 3517 deri·

196 3567 271 3635 vari
292 3572 412 3654 potest,
432 3568 582 3636 diversas
597 3567 737 3655 praebet
752 3567 995 3654 explicationes
1010 3565 1137 3647 Lenius,
1158 3586 1309 3653 quarum

196 3681 362 3747 nimirum
385 3682 577 3768 complures
599 3704 721 3769 parum
752 3682 908 3748 Tacitum
934 3679 1108 3746 Plutarchi
1132 3685 1309 3746 auctorem

195 3795 298 3862 fuisse
325 3796 571 3880 demonstrant,
597 3798 656 3863 sed
679 3797 728 3862 nil
752 3797 817 3862 nisi
841 3785 1046 3862 necessariae
1069 3792 1246 3860 Plutarchi
1267 3793 1309 3859 in

197 3899 297 3997 opere
321 3911 498 3977 condendo
521 3912 663 3978 rationis
693 3911 951 3999 explanationes
973 3914 1062 3990 sunt,
1086 3930 1184 3996 quae,
1208 3910 1308 3975 dum·

233 4165 258 4232 l)
277 4166 293 4217 l.
308 4166 324 4218 l.
338 4127 381 4233 pg.
397 4166 448 4220 174
462 4168 580 4234 exempla
593 4177 733 4221 enumerat.
