3038 5190
610 540 651 607 75

75 747 178 815 φασιν
197 735 290 797 οἴνου
310 731 478 796 ὁιάπλεων
498 734 553 796 ναὶ
573 742 703 815 τροφῆς
724 731 806 795 ὄντα
817 731 1045 815 μεσημβρινῆς
1065 733 1183 815 προελ-

73 849 147 914 θεῖν
167 851 221 912 ναὶ
241 849 424 911 ὑπακοῦσαι
445 837 651 929 Γερμανικὸν
672 845 779 926 ὄνομα
799 844 953 936 θεμένων
969 847 1070 928 αὐτῷ,
1085 848 1124 912 τὸ
1139 848 1178 912 ὑὲ

74 963 251 1044 Καίσαρος
266 963 306 1026 οὐ
319 961 604 1044 προσδεξάμενον.
627 939 879 1044 Mendelssohn.
903 962 1069 1049 probante
1084 965 1182 1031 Lezio

73 1079 96 1145 l.
114 1079 136 1145 l.
153 1102 208 1166 pg.
222 1082 274 1163 36,
286 1080 462 1168 proposuit
480 1089 540 1161 τῆς
557 1078 621 1159 μὲν
642 1076 791 1158 πρόσθεν
811 1077 947 1158 ἡμέρας,
970 1078 1018 1145 ita
1037 1084 1076 1146 ut
1090 1080 1184 1167 aqui·

72 1195 162 1261 liferi
184 1195 221 1260 in
252 1201 361 1263 castra
384 1195 514 1264 Vitellii
538 1195 712 1262 adventus
739 1192 994 1279 significaretur.
1021 1194 1183 1262 Proximo

74 1310 131 1376 die
161 1310 253 1376 enim
283 1315 360 1397 post
389 1310 559 1397 aquiliferi
590 1309 779 1376 adventum
809 1307 969 1375 Vitellius
997 1307 1183 1399 imperator

72 1424 304 1511 consalutatus
335 1430 392 1491 est.
417 1424 580 1491 Attamen
611 1424 676 1489 hac
707 1422 900 1489 coniectura
922 1443 993 1488 non
1016 1444 1102 1510 opus
1124 1429 1183 1507 est,

72 1563 153 1606 oum
175 1530 401 1628 perrogabo
426 1537 618 1621 ἔμπροσθεν
638 1538 765 1618 ἡμέρας
795 1537 867 1604 dies
888 1537 978 1604 inter
1001 1538 1184 1606 Valentem

70 1653 251 1723 Vitellium
269 1655 489 1741 instigantem
513 1653 563 1741 (Τ.
588 1655 633 1720 Η.
658 1654 684 1720 Ι.
710 1653 776 1741 52.)
796 1658 828 1719 et
845 1653 1086 1740 imperatorem
1109 1675 1186 1741 pro·

70 1769 279 1836 clamantem
302 1770 448 1836 indicari
471 1770 610 1857 possint.

116 1885 216 1963 Quod
239 1885 283 1951 ad
306 1884 411 1953 verba
429 1884 508 1948 τότε
529 1881 569 1946 ὁέ
588 1896 691 1964 φασιν
703 1920 736 1950 -,
748 1879 1024 1963 προσὸεξάμενον
1051 1883 1182 1965 attinet,
1203 1874 1205 1878 ¹

70 2005 155 2085 puto
178 2020 256 2065 cum
279 2000 380 2066 Lezio
396 2000 418 2066 l.
439 1999 460 2066 l.
478 2022 533 2087 pg.
555 2001 607 2065 36.
625 1999 703 2066 adn.
722 1999 751 2064 2.
768 1996 991 2064 Plutarchum
1009 1999 1184 2088 coartandi

72 2113 234 2200 cupidine
257 2136 392 2182 errasse.
424 2115 503 2181 Tac.
528 2116 572 2181 H.
598 2115 624 2181 Ι.
649 2114 780 2180 57-62
802 2118 924 2181 tractat
946 2115 1034 2180 facta
1059 2114 1141 2180 inde
1165 2138 1185 2181 a

71 2227 340 2295 consalutatione
367 2228 627 2310 Vitellii,.velut
652 2228 764 2295 studia
787 2234 820 2295 et
842 2229 1000 2295 ardorem
1023 2228 1184 2312 militum,

69 2338 167 2410 varia
186 2344 268 2411 novi
284 2344 497 2431 imperatoris
516 2350 600 2426 acta,
618 2344 795 2431 copiarum
810 2343 1080 2426 instructionem,
1098 2365 1184 2431 quae

70 2457 189 2525 omnia
210 2458 413 2527 Plutarchus
436 2460 683 2547 praetermittit.
708 2459 867 2546 Sequitur
893 2460 986 2546 apud
1010 2459 1183 2526 Tacitum:

74 2571 252 2658 „torpebat
272 2573 431 2642 Vitellius
454 2580 487 2641 et
501 2576 675 2641 fortunam
691 2574 904 2661 principatus
920 2573 1022 2640 inerti
1044 2573 1130 2639 luxu
1145 2595 1185 2639 ac

72 2686 225 2773 prodigis
248 2687 358 2774 epulis
380 2689 619 2776 praesumebat
642 2689 755 2755 medio
780 2689 834 2754 die
856 2687 1064 2754 temulentus
1086 2693 1120 2753 et
1134 2709 1183 2754 sa·

69 2802 154 2888 gina
171 2802 294 2888 gravis,
314 2841 358 2852 -
377 2805 516 2870 nomine
537 2804 732 2871 Germanici
748 2803 887 2871 Vitellio
911 2803 1025 2869 statim
1048 2802 1181 2869 addito:

72 2917 250 2984 Caesarem
274 2939 308 2984 se
324 2918 490 3005 appellari
511 2919 623 3012 etiam⁴
636 2919 745 2987 victor
768 2916 975 3004 prohibuit.''
999 2917 1184 2983 infeliciter

70 3032 163 3098 hanc
184 3054 257 3098 rem
279 3032 483 3099 Plutarchus
505 3034 562 3100 hie
583 3033 736 3099 inseruit.
835 3021 841 3031 ’

116 3147 212 3227 Gap.
225 3150 286 3215 23.
299 3148 431 3215 Pisonis
454 3149 672 3237 adoptionem
696 3169 967 3214 commemorans
990 3147 1180 3214 maximam

71 3268 205 3349 partem
221 3285 300 3329 cum
325 3265 442 3331 Tacito
462 3265 629 3346 concinit„
644 3269 780 3331 tantum
804 3264 896 3351 quod
912 3264 1020 3331 Taciti
1043 3262 1184 3328 narrati-

70 3399 174 3443 onem
195 3378 296 3446 valde
313 3381 486 3469 coartauit.
511 3378 692 3442 Γινώσνων
713 3376 752 3440 et
772 3386 842 3440 τῶν
863 3376 973 3460 φίλων
989 3378 1099 3457 ἐνίους
1117 3376 1182 3455 μὲν

69 3491 154 3573 ὑπὲρ
172 3452 520 3575 Δολθθέλῇτοθς
544 3493 583 3557 ὁὲ
602 3492 779 3574 πλείστους
797 3492 880 3574 ὑπὲρ
901 3481 1049 3573 Ὀθωνος
1070 3494 1182 3575 ἀρχαι-

71 3608 292 3689 ρεσιάζοντας
315 3649 348 3656 -
369 3610 609 3691 μετεπέμψατο
630 3607 798 3684 Πείσωνα,
820 3610 898 3676 Teo.
916 3609 961 3676 H.
979 3610 1005 3676 I.
1023 3609 1075 3676 14.
1101 3609 1183 3690 „Oo-

67 3724 166 3790 mitia
184 3725 321 3812 imperii
340 3726 497 3812 transigit
520 3764 564 3774 -
586 3725 745 3792 Pisonem
768 3724 890 3790 arcessi
909 3724 1034 3793 iubet.''

115 3837 205 3925 Apte
216 3839 340 3926 Hardy
352 3841 482 3907 confert
499 3841 656 3922 „comitia
671 3839 808 3926 imperii
823 3839 1001 3929 transigit'
1019 3845 1051 3906 et
1067 3839 1180 3921 ἀρχαι-

68 3953 297 4034 ρεσιάζοντας.
323 3954 458 4021 Omittit
481 3955 685 4023 Plutarchus
707 3955 894 4021 orationem
919 3954 1048 4022 Galbae
1078 3962 1180 4043 atque

106 4122 132 4188 1)
151 4122 301 4175 Dolabellae
319 4124 456 4176 nonnullos
478 4125 580 4189 fonsae,
603 4125 663 4177 licet
685 4124 735 4176 alio
757 4118 863 4192 insuper
886 4124 1031 4177 testimonio
1051 4141 1104 4177 non
1121 4141 1180 4178 con·

68 4218 196 4285 firmetur,
215 4220 296 4271 multa
314 4220 431 4287 probant.
449 4219 481 4274 cf.
501 4222 594 4289 Hardy
613 4240 635 4274 a.
654 4221 679 4274 h.
698 4222 715 4274 l.
