3038 5190
735 533 776 594 «30

194 719 298 804 igitur
322 718 554 804 Caligulae
575 726 722 785 statuam
743 742 943 784 conversam
968 741 1047 784 esse.
1075 719 1191 784 Aliter
1212 741 1269 783 ros
1292 740 1324 782 sc

193 831 307 898 habet.
334 834 373 898 cf.
399 835 477 899 Tac.
504 834 547 899 H.
573 835 599 900 I.
622 837 673 900 86.
699 840 864 916 „statuam
890 834 981 900 divi
1007 833 1117 897 Iulii
1143 834 1184 898 in
1209 833 1327 897 insula

194 947 346 1013 Tiberini
370 949 481 1014 amnis
505 988 549 998 -
572 950 608 1014 in
627 949 802 1015 Orientem
828 950 1060 1015 conversanr.''
1087 949 1214 1014 Caium
1242 948 1322 1013 Cac-

194 1084 305 1128 sarem
332 1085 465 1149 semper
490 1064 681 1149 Caligulam
705 1064 878 1130 nominari
904 1063 1109 1129 Plutarchus
1133 1061 1323 1128 nesciebat.

198 1178 238 1242 cf.
264 1178 303 1242 G.
335 1181 365 1242 s.
392 1174 493 1239 Γαΐου
515 1176 748 1259 Καίσαρος-
773 1187 833 1240 τοῦ
851 1177 938 1256 μετὰ
964 1176 1115 1257 Τιβέριον
1137 1175 1322 1256 ἄρξαντος.

240 1290 338 1372 Cap.
362 1295 396 1360 3.
420 1284 541 1354 Ἠν-ὁέ
561 1313 590 1354 τι
611 1295 666 1354 ναὶ
686 1292 784 1374 Λιβίᾳ
805 1301 845 1374 τῇ
868 1291 1044 1372 Καίσαρος
1068 1294 1204 1371 γυναικὶ
1235 1291 1323 1354 κατὰ

194 1416 299 1496 γένος
312 1416 493 1496 προσήκων
515 1415 534 1477 ὁ
557 1414 704 1496 Γάλβας.

241 1529 436 1616 Opinantur
458 1532 557 1597 Peter
580 1531 601 1596 l.
622 1531 644 1596 l.
670 1554 747 1618 pgg.
774 1534 826 1614 38,
851 1534 904 1614 39,
928 1531 1051 1617 Hardy
1075 1530 1155 1596 adn.
1178 1553 1208 1596 a.
1239 1532 1274 1596 h.
1300 1531 1321 1596 l.

195 1645 420 1711 Plutarchum
437 1647 629 1712 confudisse
649 1648 785 1714 Liviam
806 1646 998 1712 Ocellinam
1016 1648 1216 1733 (novercam
1244 1646 1322 1711 Gal-

194 1761 267 1843 bae,
287 1784 307 1827 a
327 1783 395 1847 qua
407 1761 589 1847 adoptatus
607 1767 665 1828 ost.
684 1763 724 1827 cf.
746 1762 836 1848 Suet.
859 1761 898 1827 G.
919 1764 963 1848 4.)
981 1768 1014 1827 et
1029 1762 1166 1828 Liviam
1184 1760 1321 1846 Augus-

193 1883 274 1958 tam,
299 1877 390 1963 quod
415 1876 504 1942 Suet.
538 1877 577 1942 G.
612 1880 640 1943 2.
674 1878 715 1943 do
747 1877 858 1943 Galba
889 1877 1029 1943 scribat:
1066 1876 1183 1957 „nullo
1207 1877 1320 1961 gradu

194 1992 396 2077 contingens
416 1992 599 2057 Caesarum
624 1993 799 2058 domum.''
822 1992 909 2057 Cum
933 1993 998 2057 hac
1022 1992 1185 2078 opinione
1206 1993 1319 2057 facere

195 2128 336 2193 nequeo,
365 2106 456 2172 Suet.
489 2107 528 2173 G.
555 2109 584 2173 2.
618 2108 708 2172 enirn
735 2108 817 2172 dicit
846 2107 994 2189 „Neroni
1022 2106 1133 2172 Galba
1157 2107 1320 2173 successit

193 2221 289 2287 nullo
312 2222 421 2307 gradu
447 2223 649 2308 contingens
667 2224 848 2288 Caesarum
867 2222 1043 2287 domum.''
1059 2222 1148 2286 Item
1170 2222 1208 2287 P.
1228 2221 1269 2287 G.
1289 2223 1317 2286 3.

196 2334 331 2416 Γάλβας
349 2334 546 2416 Σουλπίκιος
564 2336 691 2415 ὅτιμὲν
705 2336 867 2418 ἰὸιώτης
887 2336 1139 2414 πλουσιώτατος
1154 2335 1318 2397 ἁπάντων

194 2453 243 2531 εἰς
271 2451 331 2513 τὸν
359 2451 546 2533 Καισάρων
567 2452 740 2534 παρῆλθεν
763 2451 865 2526 οἶνον,
889 2451 1109 2532 ὁμολογεῖται.
1141 2451 1318 2518 Videntur

194 2567 374 2632 Suetonius
409 2574 443 2633 et
476 2568 681 2634 Plutarchus
714 2569 825 2634 dicere
856 2568 945 2636 velle
981 2566 1128 2657 Galbam
1160 2566 1316 2652 primum

192 2683 295 2748 fuisse
318 2684 387 2769 qui,
416 2684 511 2749 nullo
538 2685 648 2770 gradu
682 2705 931 2771 praecessorem
960 2682 1173 2764 contingens,
1205 2682 1315 2768 impe·

192 2797 282 2862 rium
306 2797 450 2885 adeptus
473 2800 524 2865 sit.
551 2800 661 2866 Galba
689 2800 759 2865 leni
783 2799 892 2885 gradu
927 2795 981 2879 (ἦν
1003 2795 1042 2858 ὁέ
1064 2817 1093 2857 τι
1113 2796 1313 2881 προσήκων)

192 2914 310 2979 Liviae
338 2914 512 3001 Augustae
540 2917 652 2982 affinis
676 2939 746 2982 esse
770 2917 889 3002 potuit,
918 2916 977 3002 qui
1004 2912 1140 3000 gradus,
1166 2919 1205 2977 ut
1230 2912 1317 2979 veri-

89 3096 91 3101 ,
194 3028 304 3094 simile
323 3029 470 3112 videtur,
490 3036 559 3096 tam
581 3031 667 3096 lenis
686 3032 760 3112 fuit,
777 3037 824 3112 ut,
850 3031 941 3116 quod
965 3030 1008 3096 ad
1028 3030 1201 3094 Neronem
1224 3048 1315 3092 suos-

85 3138 88 3151 '
194 3164 259 3228 que
290 3144 341 3227 (eo
371 3152 523 3232 tempore
556 3147 739 3212 Caesarum
771 3146 943 3233 domum),
974 3143 1139 3212 eviluerit.
1175 3143 1315 3209 Liviam

194 3257 385 3344 Angustam
417 3267 450 3325 ct
479 3262 614 3328 Liviam
647 3260 840 3330 Ocellinam
872 3265 1032 3346 cognatas
1053 3259 1167 3337 fuisse,
1192 3279 1316 3344 quam·

195 3396 301 3461 quarn
323 3374 457 3440 nullum
481 3376 584 3441 huius
606 3378 654 3442 rei
679 3378 923 3442 documentum
948 3382 1067 3456 exstat,
1083 3373 1178 3439 haud
1195 3372 1315 3439 absur-

194 3490 277 3555 dum
302 3490 445 3557 videtur.
469 3493 646 3559 Praeterea
665 3494 868 3558 Mommsen.
894 3491 915 3557 l.
944 3491 965 3557 l.
990 3513 1045 3578 pg.
1071 3489 1144 3554 325.
1172 3489 1256 3555 adn.
1284 3492 1313 3555 1.

192 3609 281 3670 recte
305 3606 565 3673 animadvertit:
594 3608 772 3688 „Affinitat
794 3608 837 3673 ist
861 3607 957 3673 nicht
981 3604 1204 3690 Cognation.'’
1231 3604 1316 3670 Nul-

193 3720 264 3786 lam
287 3709 424 3787 causam
448 3744 526 3807 ergo
546 3722 646 3789 video
663 3745 722 3788 cur
739 3723 922 3788 Plutarcho
938 3721 1043 3786 fidem
1060 3720 1275 3803 derogemus.
1291 3721 1316 3807 1)

238 3835 335 3917 Cap,
352 3839 388 3904 6.
401 3837 472 3898 ἐπεὶ
487 3835 526 3898 oc*
540 3837 580 3898 τὰ
600 3835 798 3918 Οὐεργινίου
811 3840 866 3899 acl
885 3834 1059 3915 Οὐίνὸιιιος
1074 3833 1317 3914 στρατεύματα

193 3961 394 3970 ---.-.

230 4017 255 4080 1)
274 4016 396 4067 Nostram
420 4018 573 4070 sententiam
597 4018 706 4086 probant
725 4017 825 4069 nummi
848 4017 954 4068 Galbae.
979 4017 1010 4066 cf.
1031 4015 1163 4065 EGKHEL.
1184 4013 1317 4066 Doctrina

193 4130 357 4165 nummorum
376 4114 413 4165 11.
434 4118 458 4168 b'.
477 4133 536 4182 pgg.
551 4114 611 4180 292,
624 4114 685 4168 ⁶293.
700 4116 800 4167 nummi
814 4115 841 4166 in
855 4131 944 4165 arrersa
958 4121 1031 4180 parte
1044 4110 1174 4177 inscripti:
1190 4111 1318 4178 „Augus-

194 4219 227 4262 ta.
248 4210 274 4261 S.
294 4210 340 4262 C.'’
355 4212 441 4276 „Dira
456 4214 598 4280 Augusta⁷³
614 4213 644 4265 cf.
661 4213 731 4265 Suet.
747 4213 780 4265 G.
796 4214 820 4266 5.
837 4211 1010 4279 „Observavit
1029 4217 1089 4261 ante
1106 4206 1192 4260 omnis
1206 4208 1318 4262 Liviam
