3038 5190
875 470 918 536 40

339 667 419 728 ante
438 682 493 727 mc
515 660 699 748 prolatum,
722 683 793 728 non
817 661 897 728 satis
920 660 1034 727 adhuc
1056 660 1244 728 aestimari
1267 661 1368 727 mihi
1391 661 1471 729 vide

339 781 404 842 tur.
435 776 658 842 Plutarchum
681 776 775 843 enim
800 777 842 842 18
865 775 921 845 vel
945 776 987 841 22
1010 775 1132 862 primis
1155 775 1354 863 capitibus
1382 775 1472 845 Vitae

340 889 468 958 Galbae
491 890 642 978 dispersa
665 896 800 958 tantum
823 911 972 973 narrare,
995 890 1077 957 inde
1105 890 1150 957 ab
1187 891 1344 958 Pisonis
1378 892 1471 979 adop

338 1006 430 1072 tione
450 1007 648 1074 continuam
668 1007 797 1074 Galbae
814 1012 847 1073 et
866 1006 1012 1075 Othonis
1026 1006 1213 1073 historiam
1234 1008 1396 1075 tradere.
1416 1009 1470 1074 Re

338 1141 419 1188 vera
440 1120 581 1187 iterem
605 1143 639 1187 se
661 1120 788 1188 habere
812 1121 964 1208 capitum
980 1120 1212 1187 summarium
1234 1122 1344 1208 quod
1367 1122 1469 1210 sequi·

338 1239 394 1301 tur
420 1234 645 1302 confirmabit.
678 1235 837 1303 Adiciam
860 1235 1152 1322 comparationem
1176 1257 1265 1302 cum
1292 1236 1466 1317 Suetonio,

339 1371 426 1437 quae
449 1349 606 1417 ostendat
630 1371 692 1432 res,
725 1372 810 1438 quas
840 1349 1020 1416 Suetonius
1050 1371 1090 1417 ac
1120 1349 1345 1417 Plutarchus
1368 1351 1406 1416 in
1429 1351 1465 1416 18

338 1464 460 1551 primis
477 1464 646 1551 capitibus
669 1465 897 1531 communiter
911 1464 1060 1547 tradant,
1077 1464 1198 1531 eodem
1215 1458 1320 1552 apud
1337 1471 1464 1532 utrum·

339 1600 404 1666 que
427 1579 546 1645 ordine
568 1600 751 1646 occurrere.

391 1785 479 1846 Plut.
500 1785 579 1846 Vita
600 1785 733 1847 Galbae.
962 1776 1153 1848 Suetonius.
1175 1784 1256 1846 Vita
1280 1785 1424 1848 Galbae.

379 1890 470 1968 (iapp.
492 1891 519 1952 1.
542 1893 569 1953 2.
590 1891 750 1953 Praefatio.

378 1997 406 2056 3.
427 1996 514 2073 Prior
535 1995 646 2057 Galbae
666 1997 738 2059 vita.
954 1996 1046 2075 Gapp.
1069 1996 1145 2056 1-8
1167 1995 1280 2056 Galbae
1310 1998 1400 2077 origo
1427 2018 1457 2058 ac

912 2103 976 2163 vita
995 2121 1089 2180 usque
1113 2101 1150 2161 ad
1176 2101 1363 2178 legationem
1392 2103 1459 2164 His·

914 2209 1093 2286 paniensem.

378 2315 407 2373 4.
441 2314 513 2374 Eius
547 2315 678 2392 regimen
706 2315 875 2392 provinciae
956 2317 983 2375 9.
1005 2315 1136 2393 regimen
1155 2313 1331 2391 provinciae
1352 2315 1457 2392 Hispa

338 2419 506 2496 Hispaniae.
916 2421 990 2481 niae.

379 2525 550 2586 adveniunt
557 2526 674 2586 litterae
684 2527 815 2587 Vindicis
822 2528 875 2586 im·
955 2527 1086 2589 Litterae
1106 2527 1248 2587 Vindicis.

338 2632 454 2709 perium
475 2630 587 2692 Galbae
608 2633 765 2692 offerentis.

380 2739 407 2797 5.
428 2737 595 2815 Imperator
617 2741 819 2800 consalutatus
835 2741 874 2800 le·
956 2741 1003 2802 10.
1025 2743 1101 2818 Imp.
1136 2741 1344 2802 consalutatus
1379 2743 1457 2820 lega·

340 2844 521 2922 gatumS.P.
532 2844 565 2916 Q.
576 2845 611 2904 R.
619 2865 649 2904 se
658 2847 809 2922 professus
820 2850 873 2906 est.
915 2851 980 2907 tum
995 2848 1024 2907 S.
1040 2847 1072 2907 P.
1088 2847 1121 2918 Q.
1136 2847 1172 2907 R.
1187 2865 1217 2907 se
1231 2847 1389 2923 professus
1404 2852 1457 2908 est.

381 2949 586 3010 consternatio
607 2949 742 3010 Neronia.

381 3057 409 3115 6.
424 3053 536 3133 Coepta
551 3054 645 3115 clodii
655 3057 748 3117 Macri
758 3058 788 3116 in
798 3057 877 3117 Afri-

342 3181 384 3234 ca,
405 3160 539 3239 Verginii
554 3162 623 3221 Rufi
637 3163 668 3221 in
683 3161 850 3223 Germania.
944 3245 945 3248 Ἰ

382 3265 513 3326 Nuntius
543 3267 578 3326 de
608 3271 703 3327 morte
733 3262 874 3343 Vindicis,
957 3268 1003 3329 11.
1025 3267 1139 3328 Nuntio
1153 3268 1188 3328 de
1206 3268 1337 3330 Vindicis
1361 3281 1459 3332 morte

362 3391 422 3449 quo
443 3371 538 3431 Galba
557 3372 761 3449 perturbatur.
917 3373 1011 3433 Galba
1033 3378 1248 3435 consternatur.

384 3479 410 3537 7.
433 3477 597 3538 Nuntiatur
607 3479 718 3539 Galbae
728 3480 877 3541 Neronem
958 3481 1104 3559 Cognovit
1135 3481 1283 3542 Neronem
1323 3481 1457 3544 occisuri]

344 3587 496 3643 mortuum
510 3604 572 3645 esse
586 3588 675 3662 atque
690 3586 719 3646 S.
739 3586 771 3646 P.
787 3587 820 3659 Q.
841 3588 877 3647 R.
920 3591 1100 3664 cunctosque
1127 3588 1158 3646 in
1191 3587 1282 3648 verba
1315 3606 1373 3648 sua
1414 3589 1458 3649 iu·

343 3690 552 3766 imperatorem
573 3711 640 3751 eum
668 3694 876 3754 consalutasse.
917 3714 1006 3754 rasse.

385 3797 448 3857 8.9.
463 3797 507 3857 De
515 3797 696 3875 Nymphidio
704 3798 813 3858 Sabino
820 3799 877 3858 Ro·

343 3924 408 3964 mae
429 3904 527 3964 omnia
548 3905 771 3964 administrante
793 3907 876 3982 paul·
924 3949 925 3952 η

344 4011 486 4088 latimque
513 4011 542 4069 in
570 4030 652 4087 spem
672 4011 787 4088 imperii
808 4012 877 4072 irre·

344 4121 442 4195 pente.
