3038 5190
709 533 773 598 106

194 726 370 810 πρόσθεν
399 726 460 789 ἐπί
489 724 603 804 πενίᾳ
639 725 726 800 [καί]
760 732 894 805 χρεῶν
928 723 1104 810 πλήθους
1135 725 1227 807 ε’ργον
1250 723 1278 807 ήν

195 845 298 908 είπεϊν
320 840 472 922 ὁποτέρῳ
490 848 587 918 μεῖον
608 839 721 902 αὐτῶν
739 839 884 917 μέτεστι.

239 959 346 1025 Sensu
370 956 463 1022 enim
486 976 580 1021 cassa
600 959 679 1020 sunt
697 953 803 1022 verba
822 955 927 1016 καί-
943 953 1103 1040 πλήθους.
1126 958 1201 1025 Van
1217 957 1283 1022 Hes.

195 1070 331 1139 werden
354 1067 488 1134 suadet:
513 1072 582 1133 καί
602 1077 684 1132 τῶν
711 1070 899 1150 πρόσθεν
926 1057 1287 1166 ἐπκγενομένων>
1313 1064 1316 1071 ’

193 1191 315 1271 πενίᾳ
335 1189 402 1252 καί
421 1175 638 1284 (doario)
655 1198 798 1272 χρεῶν
817 1189 1004 1278 πλήθους
1017 1192 1078 1253 aut
1093 1187 1203 1253 simile
1214 1185 1290 1273 quid.

195 1310 326 1377 Ultima
344 1309 450 1377 verba
468 1309 672 1376 Plutarchus
693 1309 759 1376 hoc
782 1311 901 1378 ordine
918 1313 1052 1400 scripsit
1073 1336 1135 1402 pro
1158 1314 1293 1394 ὁποτέρῳ

195 1424 309 1487 αὐτῶν
326 1433 424 1503 μεῖον
441 1424 586 1503 μέτεστι,
609 1430 648 1491 ut
670 1425 813 1492 evitaret
834 1426 978 1493 hiatum.

235 1629 290 1690 καί
311 1626 502 1710 ὁιέφθειρεν
522 1629 585 1714 (sot
610 1628 753 1717 Tiberis)
783 1629 984 1713 ὑπερχυθεὶς
1012 1633 1068 1694 καί
1095 1631 1304 1713 κατακλύσας

197 1742 283 1806 πολθ
307 1745 413 1824 μέρος
440 1753 499 1824 τής
525 1742 667 1825 πόλεως,
692 1743 849 1808 πλεῖστον
871 1742 910 1807 dd
929 1745 968 1807 ἐν
991 1740 1018 1825 ᾧ
1039 1745 1099 1808 τόν
1120 1747 1175 1809 ἐπί
1195 1747 1309 1828 πράσει

197 1856 439 1921 ὁιαπωλοόσι
460 1867 562 1933 σῖτον,
578 1859 625 1938 ὡς
640 1857 753 1940 ὁεινήν
774 1859 917 1940 ἀπορίαν
937 1860 1074 1942 ήμερῶν
1095 1870 1238 1944 συχνῶν
1258 1882 1309 1925 κα-

197 1983 344 2054 τασχειν.

240 2081 318 2148 Van
353 2080 579 2148 Herwerden:
617 2081 743 2163 „immo
767 2079 1057 2159 όιασώζουσι.”
1090 2081 1315 2172 Quamquam

195 2195 306 2283 primo
325 2202 464 2283 aspectu
479 2196 714 2263 Herwerdenii
737 2195 931 2262 coniectura
950 2195 1141 2283 probabilis
1164 2198 1314 2282 videtur,

196 2332 376 2379 caveamus
398 2333 442 2377 ne
464 2332 689 2398 praepropere
713 2332 789 2377 eam
808 2311 846 2377 in
868 2316 1002 2377 textum
1024 2311 1240 2398 recipiamus
1263 2338 1318 2382 ne·

198 2447 287 2493 cesse
311 2432 369 2493 est.
395 2427 484 2493 Nam
507 2428 659 2514 suspicor
680 2428 903 2508 frumentum,
928 2426 1020 2513 quod
1043 2426 1183 2494 modico
1208 2431 1319 2516 pretio

195 2541 322 2629 populo
345 2543 487 2624 reniret,
510 2542 570 2608 illo
593 2542 664 2623 „eut
684 2540 824 2624 πράσει”
847 2564 867 2609 a
889 2542 1073 2609 Plutarcho
1094 2543 1264 2612 indicari.

239 2724 337 2806 cap.
361 2729 394 2794 5.

235 2838 348 2920 Αὐτός
373 2841 429 2927 (sc.
461 2839 564 2927 Otho)
590 2840 655 2920 μὲν
681 2835 741 2902 οὖν
761 2839 800 2902 ἐν
821 2838 1041 2922 Βριξίλλῳ-
1059 2839 1318 2923 ἀπελείφθη.

240 2955 318 3022 Van
337 2954 564 3022 Herwerden:
589 2955 662 3042 lege
674 2954 921 3037 ὑπελείφθη.
943 2955 1056 3035 Quam
1076 2956 1316 3025 coniecturam

193 3071 323 3138 firmari
339 3072 461 3158 opinor
477 3092 550 3157 cap.
569 3073 621 3154 10,
634 3069 736 3150 αὐτός
750 3068 789 3133 dd
809 3069 908 3132 πόλιν
922 3071 970 3150 είς
984 3068 1169 3152 Βρίξιλλον
1183 3072 1315 3154 ἀνεχάν

194 3200 287 3268 ρησε.
310 3186 399 3254 Otho
429 3187 520 3253 intra
550 3187 684 3252 Padum
716 3188 889 3270 remansit,
921 3209 1000 3254 cum
1027 3208 1105 3274 pars
1130 3188 1313 3274 copiarum

193 3308 287 3369 trans
310 3301 444 3368 Padum
467 3308 588 3389 ageret.
613 3304 854 3369 Decertaturus
876 3303 1081 3369 Bedriacum
1103 3303 1150 3369 ad
1181 3303 1312 3370 ducum

194 3417 375 3483 consilium
395 3439 429 3483 se
449 3417 603 3500 contulit,
627 3418 720 3485 unde
744 3418 857 3484 denuo
880 3417 1072 3484 Brixellum
1095 3418 1247 3484 recessit.

235 3611 326 3678 οὗτοι
347 3613 386 3678 dd
403 3614 631 3696 antenotata
652 3613 738 3697 ήσαν
750 3656 784 3663 -
796 3614 890 3698 ὕβρει
911 3613 951 3677 dd
970 3615 1025 3677 καί
1044 3611 1163 3694 κόμπῳ
1185 3614 1307 3694 ἐπαμπ-

193 3731 283 3812 έχειν
311 3729 506 3811 ἐβούλοντο,
536 3729 909 3815 προσποιήσασθαι
939 3728 1000 3810 τὰς
1020 3727 1234 3810 λειτουργίας
1262 3729 1307 3808 ὡς

193 3847 384 3926 κρείττονες
405 3845 706 3927 ἀπαξιοῦντες,
729 3847 794 3929 οὐχ
812 3847 860 3926 ὡς
881 3844 1040 3932 ἀόθνατοι
1060 3844 1190 3926 φέρειν.

236 3962 337 4027 Multi
367 3961 404 4026 in
434 3961 559 4028 horum
590 3961 774 4030 verborum
803 3961 1083 4048 interpretatione
1109 3959 1302 4028 haeserunt.

193 4077 315 4142 Procul
339 4076 442 4142 dubio
467 4077 597 4164 aliquid
614 4078 820 4144 mutandum
841 4081 899 4143 est.
922 4075 1062 4142 Reiske:
1078 4073 1198 4155 πρόσω
1220 4077 1304 4158 ποιή-

194 4189 325 4266 σασθαι,
348 4214 452 4278 quam
468 4191 649 4258 lectionem
666 4193 789 4281 Hardy
804 4192 940 4279 recepit.
957 4190 1099 4279 Madvig
1115 4190 1208 4259 Adv.
1226 4190 1302 4260 Grit.
