3038 5190
454 1398 790 1472 COROLLARIUM
818 1398 1055 1473 ORlTlOUM.

655 1717 851 1726 ———--

241 1944 319 2009 Iure
340 1946 457 2006 monet
477 1940 572 2006 Ounr
592 1942 824 2009 Wnonsuurn
844 1941 869 2026 1)
890 1938 1039 2010 Sintenis
1057 1939 1241 2006 Plutarchi
1260 1940 1318 2006 Vi-

196 2063 311 2123 tarum
335 2055 520 2122 editionem
543 2054 814 2142 haudquaquam
832 2053 876 2120 ab
893 2054 987 2120 omni
1006 2059 1103 2141 parte
1121 2055 1318 2140 perfectam

196 2194 276 2254 esse,
295 2193 373 2238 oum
391 2171 522 2237 codices
544 2171 761 2249 Matritensis,
785 2170 989 2251 Marcianus,
1012 2168 1316 2251 Seitenstettensis,

195 2293 312 2374 postea
324 2287 512 2353 accuratius
522 2286 677 2373 inspecti,
690 2285 807 2351 multis
822 2284 905 2351 locis
919 2283 1184 2372 praestantiores
1200 2284 1316 2351 lectio-

195 2424 255 2469 nes
282 2400 471 2489 praebeant
497 2401 670 2468 codicibus
692 2424 712 2468 a
735 2383 868 2467 Sinteni
891 2398 1064 2466 adhibitis.
1096 2399 1144 2464 Hi
1178 2399 1315 2465 codices

193 2523 319 2598 autem,
336 2538 482 2604 quorum
499 2516 665 2603 originem
683 2517 901 2602 indagarunt,
917 2515 1078 2581 lectiones
1097 2513 1314 2600 collegerunt

193 2633 283 2699 iuter
298 2631 412 2719 plures
428 2632 638 2713 Mronnn‘nrs
654 2631 791 2698 Marma
805 2631 842 2717 2),
859 2629 946 2694 mihi
961 2627 1050 2694 nulli
1065 2627 1142 2694 usui
1158 2628 1312 2711 fuerunt,

194 2747 357 2834 quoniam
378 2745 507 2813 Galbae
530 2750 563 2811 et
583 2744 729 2811 Othonis
748 2745 835 2812 vitas
855 2765 925 2810 non
945 2742 1130 2810 continent.
1147 2741 1216 2820 Qui
1234 2764 1313 2831 pos-

193 2866 321 2928 tremus
337 2861 399 2928 has
414 2861 503 2927 vitas
522 2860 639 2942 edidit,
663 2861 702 2926 Ε.
721 2860 760 2926 G.
778 2860 912 2925 HAnnY
934 2859 960 2945 3)
979 2862 1149 2926 asseverat
1170 2864 1310 2944 praeter

194 2978 357 3044 codicesa
372 2977 505 3043 Sinteni
521 2975 779 3042 collatosetiam
795 2975 938 3042 alicuius
949 2973 1050 3060 pretii
1067 2994 1137 3040 esse
1149 2972 1310 3039 Bodleia-

195 3114 279 3159 num
295 3093 401 3159 Laud.
420 3092 477 3158 Gr.
491 3091 533 3157 55
546 3091 656 3179 (Bod.)
672 3096 706 3157 et
716 3090 952 3170 Harleianum,
969 3088 1055 3154 5692
1072 3087 1155 3175 (Η.),
1172 3087 1215 3154 ab
1232 3088 1309 3175 ipso

194 3208 343 3289 collatos,
367 3229 513 3295 quorum
532 3207 684 3294 primum
700 3206 771 3272 iam
786 3210 887 3272 antea
904 3206 1020 3290 Bryau
1042 3204 1201 3290 inspexit.
1219 3204 1308 3270 Oon·

193 3323 276 3390 cedo
308 3322 447 3410 quidem
471 3322 656 3388 editionem
678 3321 893 3387 Hardianam
916 3318 1093 3386 nonnullis
1120 3318 1203 3386 locis
1231 3319 1307 3385 Sin-

192 3439 368 3506 tenesiana
392 3459 461 3504 esse
485 3437 762 3521 emendatiorem,
785 3435 844 3502 sed
866 3440 992 3517 tamen,
1023 3455 1100 3501 mea
1130 3432 1303 3521 opinione,

228 3643 254 3705 1)
273 3642 424 3710 Einleitung
441 3643 469 3694 in
487 3642 533 3694 das
552 3641 673 3695 Studium
690 3641 737 3694 der
760 3642 838 3694 Allen
857 3641 1017 3694 Geschichte.
1036 3639 1143 3708 Leipzig
1162 3639 1240 3694 1895.
1259 3657 1299 3707 pg.

191 3738 251 3792 214.

227 3834 254 3903 2)
273 3835 301 3889 C.
317 3837 370 3889 ΤΗ.
385 3837 558 3889 Mrenaiinrs
573 3837 615 3890 De
628 3837 760 3890 Plutarchi
770 3837 855 3890 codice
869 3815 1042 3902 manuscripto
1051 3833 1200 3886 Matritensi
1210 3833 1296 3899 Progr.

192 3933 280 3986 Berlin
300 3934 377 3989 1893.
396 3934 428 3987 de
446 3935 485 3986 ΡΙ.
509 3934 564 3987 cod.
588 3952 634 3986 ms.
658 3935 799 3986 Marciano.
822 3935 898 4002 Prog.
917 3933 1014 3986 Berlin.
1035 3931 1111 3986 1886.
1130 3931 1162 3983 de
1180 3931 1220 3982 Pl.
1244 3929 1293 3982 cod

190 4047 238 4084 ms.
257 4031 468 4086 Seitenstettensi.
488 4032 564 4100 Prog.
583 4033 680 4085 Berlin.
701 4032 777 4086 1885.

228 4128 268 4180 W.
287 4130 408 4183 Munna.
427 4129 469 4182 De
487 4129 580 4181 Codice
598 4128 752 4182 Plutarcheo
770 4127 980 4182 Seitenstettensi.
999 4126 1069 4179 Dies.
1088 4125 1200 4193 Lipsiae.
1220 4122 1286 4178 1890.

227 4227 254 4293 3)
272 4226 304 4279 Ε.
324 4227 357 4279 G.
376 4228 494 4280 HARDY.
512 4227 658 4280 Plutarch’s
675 4227 754 4279 Lives
772 4228 798 4280 ol
816 4227 900 4279 Galba
918 4225 968 4278 and
987 4225 1064 4278 Otho.
1083 4223 1199 4276 Londen.
1220 4218 1284 4276 1890.
