3030 5190
809 519 851 584 46

274 715 357 776 strat
379 710 474 776 nullo
494 711 596 776 modo
618 731 837 777 communem
852 711 981 776 fontem
998 710 1099 778 statui
1115 733 1214 800 posse
1231 713 1293 779 sed
1318 736 1394 780 nos·

272 830 362 892 tram
385 825 588 892 sententiam
611 822 815 913 praevalere.
840 826 1040 892 Defensores
1063 829 1260 894 communis
1287 829 1392 895 fontis

1496 720 1510 784 l

1495 859 1513 922 u

273 940 366 1005 enim
381 961 499 1006 omnes
514 945 696 1007 autumant
711 940 819 1007 multo
835 940 1031 1027 diligentius
1047 939 1276 1037 Plutarchum
1289 942 1390 1010 illum
1495 977 1515 1019 ,ε

272 1054 402 1121 fontem
421 1056 577 1122 ‘secutum
600 1077 679 1122 esse.
705 1057 814 1143 Igitur
843 1057 989 1140 Tacitus,
1023 1078 1109 1144 quae
1136 1058 1174 1124 in
1207 1059 1387 1126 communi
1493 1091 1515 1133 e

271 1169 364 1236 fonte
387 1171 569 1237 coniuncta
595 1177 701 1252 erant,
724 1171 808 1237 adeo
833 1171 1035 1259 dissipavit?
1061 1171 1203 1238 Summo
1226 1170 1307 1239 iure'
1329 1175 1389 1241 Le·
1494 1209 1504 1252 :t

266 1284 342 1370 ‘zius
364 1308 419 1372 pg.
444 1287 487 1351 29
509 1285 553 1352 ad
583 1286 667 1351 haec
698 1285 887 1353 concludit:
916 1285 991 1368 „Ab
1015 1286 1110 1353 omni
1141 1287 1238 1352 enim
1267 1288 1389 1376 proba·

271 1395 402 1467 bilitate
425 1400 594 1484 abhorret,
618 1400 774 1468 Tacitum
795 1423 881 1488 quae
897 1401 989 1489 apud
1008 1408 1181 1469 auctorem
1202 1403 1388 1471 coniuncto
1433 1483 1436 1493 Ι
1495 1445 1515 1467 ω

272 1515 458 1583 invenisset
480 1517 564 1583 adeo
588 1517 793 1583 diffudisse.'’

277 1621 281 1629 ’
314 1612 491 1697 Praeterea
511 1637 591 1697 sunt
612 1632 688 1715 loci,
703 1631 764 1698 ubi
783 1632 960 1699 manifeste
983 1631 1186 1698 Plutarchus
1211 1634 1387 1702 erraverit.
1496 1651 1505 1728 a}

272 1745 426 1824 Quorum
449 1766 602 1812 errorum
625 1746 735 1834 culpa,
759 1745 838 1813 licet
860 1747 965 1815 variis
986 1746 1097 1813 modis
1120 1747 1250 1835 requiri
1271 1749 1387 1836 possit,
1409 1802 1413 1810 .
1502 1803 1503 1816 ,

269 1860 377 1942 facile,
400 1867 439 1928 ut
460 1883 542 1927 mox
561 1883 742 1948 exponam,
764 1861 946 1928 Plutarcho
962 1862 1071 1928 Taciti
1089 1858 1300 1929 narrationis
1314 1885 1389 1929 sen·
1503 1892 1510 1931 r

271 1998 345 2042 sum
365 1997 436 2041 non
459 1977 676 2064 perspicienti
694 1975 750 2044 vel
773 1999 851 2043 eum
879 1999 1002 2065 parum
1026 1982 1181 2045 accurate
1202 1971 1391 2045 adhibenti
1503 2027 1515 2054 t

272 2088 490 2156 attribuenda
512 2090 658 2179 videtur.

314 2205 349 2270 Si
371 2185 576 2272 Plutarchus
598 2227 669 2271 non
691 2201 817 2272 temere
840 2204 968 2293 ubique
991 2200 1148 2272 Tacitum
1168 2212 1306 2273 secutus
1327 2213 1389 2289 est,
1502 2230 1507 2275 ,ι

271 2320 330 2385 sed
353 2319 537 2402 interdum,
561 2342 621 2386 suo
645 2320 786 2387 arbitrio
811 2342 902 2403 usus,
926 2320 1024 2387 aliter
1046 2343 1085 2386 ao
1108 2321 1246 2388 Tacitus
1270 2322 1315 2388 de
1339 2344 1390 2389 re·

1503 2345 1514 2408 l.

272 2457 350 2500 rum
372 2436 503 2503 ratione
526 2437 702 2520 iudicavit,
724 2436 800 2519 loci,
824 2436 884 2503 ubi
907 2437 1016 2504 Taciti
1046 2437 1223 2525 propriam
1254 2439 1391 2526 opinio
1504 2462 1510 2516 κ

269 2570 350 2615 nem
371 2550 550 2638 impugnet
580 2551 635 2619 vel
666 2551 792 2638 partim
822 2551 962 2633 reficiat,
995 2547 1218 2620 inveniantur
1248 2574 1390 2620 necesse
1505 2609 1515 2639 4

270 2669 328 2730 est.
353 2664 466 2751 Atque
485 2664 588 2730 huius
610 2665 659 2731 rei
674 2665 816 2751 vestigia
836 2659 893 2733 ¹uel
910 2666 1060 2732 maxime
1080 2671 1234 2756 uestram
1250 2673 1390 2734 senten-

270 2778 353 2844 tiam
375 2778 512 2844 firmare
534 2779 677 2866 quisque
692 2779 867 2865 intellegit.
885 2780 1031 2847 Ite-vera
1047 2783 1162 2846 autem
1177 2777 1390 2848 documenta
1505 2768 1508 2778 Δ

268 2893 346 2959 talis
367 2894 497 2980 proprii
520 2894 695 2960 Plutarchi
714 2889 842 2975 iudicii,
866 2917 887 2960 a
910 2894 1027 2960 Tacito
1045 2891 1182 2978 diversi,
1206 2917 1389 2964 occurrere
1507 2984 1510 2990 1

269 3030 361 3091 mon,
392 3014 430 3074 ut
453 3030 559 3095 spero,
591 3008 778 3096 apparebit.
810 3008 921 3096 Supra
948 3031 1003 3096 pg.
1029 3011 1081 3092 21,
1105 3009 1246 3106 laudavi
1270 3034 1389 3081 exem·
1511 3048 1513 3055 ¹

269 3122 366 3210 plum
389 3146 410 3190 a
432 3125 696 3190 Gersteneckero
727 3124 898 3211 prolatum
929 3145 980 3190 sc:
1006 3125 1043 3191 T.
1068 3125 1113 3192 H.
1140 3126 1185 3192 ΙΙ.
1210 3127 1263 3193 44.
1288 3135 1322 3194 et
1346 3131 1387 3198 P.

270 3238 308 3306 O.
327 3241 369 3305 14
388 3230 431 3306 de
450 3231 632 3326 corporum
651 3234 772 3308 acervo
787 3240 824 3306 in
841 3262 958 3327 pugna
974 3236 1202 3307 Bedriacensi.
1219 3242 1344 3330 Haupt
1360 3247 1388 3335 1)
1509 3300 1512 3305 ,

268 3353 330 3420 hos
360 3354 450 3420 locos
474 3359 658 3441 comparat,
683 3376 768 3441 quos
790 3359 879 3420 reote
906 3355 1262 3443 demonstrare‘putat
1286 3357 1389 3424 Taoi·
1509 3393 1514 3423 ε

268 3474 342 3534 tum
366 3475 467 3555 atque
490 3468 713 3535 Plutarchum
737 3470 877 3535 omnino
901 3492 971 3536 non
995 3464 1142 3536 eundem
1168 3471 1301 3537 fontem
1323 3472 1388 3541 ha·
1514 3564 1515 3567 Ἴ

268 3582 348 3649 bere
369 3584 527 3670 potuisse.
551 3585 588 3650 T.
621 3584 667 3650 H.
691 3585 736 3650 ΙΙ.
760 3585 813 3652 37.
840 3585 1029 3666 „Invenio
1053 3585 1159 3672 apud
1186 3587 1384 3672 quosdam

269 3695 450 3765 auctores
479 3719 605 3785 pavore
636 3698 718 3764 belli
748 3721 808 3765 seu
834 3699 970 3766 fastidio
1001 3700 1178 3786 utriusque
1213 3700 1386 3789 principis

270 3865 381 3879 .....
400 3812 571 3879 dubitasse
594 3814 760 3880 exercitus
790 3813 882 3900 (ante
909 3836 1062 3901 pugnam
1092 3814 1385 3905 Bedriacensem),

269 3950 355 3995 num
377 3929 486 4016 posito
510 3930 694 3995 certamine
717 3928 781 3997 vel'
801 3929 867 4017 ipsi
897 3929 935 3996 in
957 3931 1111 3997 medium
1135 3931 1385 4015 consultarent,

305 4183 330 4250 1)
349 4182 441 4233 Philol.
460 4182 626 4234 Rundschau.
646 4184 668 4235 l.
688 4202 728 4250 pg.
748 4183 807 4237 956.
