3038 5190
637 519 657 585 7

95 711 281 797 primisque
309 709 462 797 epistulis
485 710 554 775 suis
576 710 620 776 ad
644 709 810 796 quosdam
834 711 1090 796 provinciarum
1114 734 1209 798 prae·

96 824 184 890 sides
199 825 344 890 Neronis
363 846 554 911 cognomen
576 824 731 890 adiecit.''
749 825 827 891 Tac.
848 825 893 891 H.
911 824 938 891 Ι.
957 825 1009 892 78.
1031 827 1096 908 „Et
1119 827 1212 893 fuere

96 940 155 1026 qui
178 940 344 1026 imagines
366 940 512 1006 Neronis
542 944 781 1026 proponerent,
813 944 915 1026 atque
946 941 1050 1007 etiam
1082 940 1211 1007 Othoni

97 1054 302 1142 quibusdam
320 1054 439 1121 diebus
456 1054 603 1142 populus
621 1060 654 1120 et
673 1053 780 1137 miles,
801 1059 979 1142 tamquam
996 1055 1211 1122 nobilitatem

95 1191 135 1236 ac
158 1170 259 1237 decus
281 1170 505 1252 adstruerent,
529 1170 657 1236 Neroni
682 1169 811 1236 Othoni
834 1170 1051 1239 adclamavit,
1076 1173 1154 1259 Ipse
1172 1173 1209 1238 in

94 1306 256 1373 suspenso
279 1285 390 1351 tenuit
413 1285 552 1353 vetandi
576 1291 669 1351 metu
685 1284 741 1353 vel
755 1285 986 1370 adgnoscendi
1003 1287 1165 1373 pudore.''
1184 1289 1210 1374 1)

139 1400 357 1487 Quamquam
373 1399 576 1466 Plutarchus
594 1421 766 1487 nusquam
783 1422 883 1466 suum
900 1402 1123 1489 praecipuum
1137 1404 1210 1468 fon·

94 1522 163 1582 tem
184 1516 302 1582 laudat
324 1516 390 1581 nisi
413 1521 452 1582 ut
475 1537 554 1582 eum
569 1515 760 1602 redarguat,
776 1517 925 1583 affirmat
940 1518 1039 1583 Peter
1059 1517 1092 1605 (l.
1113 1517 1134 1584 l.
1152 1540 1207 1605 pg.

94 1630 149 1717 41)
181 1652 260 1696 eum
285 1630 446 1697 Oluvium
469 1631 599 1697 Rufum
630 1631 696 1696 hoc
718 1630 792 1697 loco
813 1632 940 1698 idcirco
964 1631 1092 1714 citasse,
1117 1632 1209 1719 quod

92 1743 161 1826 ille,
192 1766 271 1810 cum
294 1743 440 1810 Othonis
470 1744 659 1831 diplomata
684 1745 729 1811 ad
752 1746 958 1833 Hispaniam
982 1747 1208 1830 mitterentur,

93 1859 174 1926 huic
193 1860 389 1946 provinciae
412 1866 589 1947 praeesset.
615 1860 669 1948 (cf.
693 1861 771 1927 Tac.
793 1863 838 1928 H.
856 1862 883 1927 Ι.
901 1863 944 1938 8.)
960 1861 1062 1940 Quod
1085 1862 1207 1929 admit

91 1979 162 2040 tere
193 1997 382 2062 possumus,
414 1975 472 2041 sed
503 1976 582 2043 vide
614 1975 751 2063 qualem
781 1975 818 2041 in
846 1975 1082 2043 difficultatem
1114 1999 1208 2043 nunc

94 2091 345 2177 perveniamus.
377 2090 519 2158 Oluvius
550 2090 740 2177 Hispaniae
772 2090 928 2177 praefuit,
953 2091 1081 2177 optime
1104 2091 1208 2177 igitur

91 2204 206 2270 testari
231 2205 343 2292 potuit
365 2205 564 2292 diplomata,
581 2205 706 2291 quibus
724 2205 869 2270 Neronis
893 2226 1082 2290 cognomen
1103 2205 1207 2272 Otho-

93 2320 146 2384 nis
169 2319 302 2384 nomini
325 2319 497 2385 adiectum
514 2325 608 2402 esset,
626 2319 670 2386 ad
687 2320 881 2406 provincias
901 2319 1003 2385 missa
1024 2331 1104 2386 esse.
1128 2320 1207 2385 Sue·

90 2433 204 2499 tonius
226 2434 317 2500 hanc
339 2435 456 2521 magni
480 2435 645 2500 momenti
662 2456 734 2500 rem
752 2434 949 2501 dubitanter
971 2434 1085 2516 tradit,
1109 2435 1207 2500 omit-

90 2547 131 2613 tit
156 2549 292 2614 Tacitus
312 2549 366 2616 vel
388 2550 501 2636 potius
522 2549 640 2616 reiicit.
665 2549 778 2628 Quam
801 2550 886 2615 mire
910 2549 1047 2615 Tacitus
1072 2555 1105 2615 et
1128 2549 1207 2614 Sue-

89 2663 202 2729 tonius
232 2664 410 2730 historiam
434 2665 717 2751 conscripserunt,
741 2665 769 2730 si
799 2664 850 2730 illi
884 2664 985 2730 unico
1017 2664 1206 2730 communi-

89 2800 155 2865 que
178 2780 265 2845 fonti
295 2780 351 2848 vel
380 2781 418 2845 in
448 2780 559 2862 rebuS,
591 2802 738 2867 quarum
768 2781 841 2868 ipse
872 2785 989 2846 auctor
1014 2780 1108 2845 testis
1130 2779 1203 2862 fuit,

87 2892 192 2958 fidem
216 2893 394 2981 deroganti
420 2895 560 2977 Verum,
584 2900 623 2960 ut
646 2893 803 2981 pluribus
830 2895 971 2960 Petrum
1003 2900 1036 2960 et
1059 2895 1204 2960 Momm·

87 3007 221 3073 senium
238 3010 392 3091 refutem,
408 3010 579 3096 inspiciaS,
596 3030 686 3095 roge,
703 3008 898 3075 testimonia
916 3008 957 3074 de
974 3008 1095 3077 Oluvio
1111 3010 1203 3096 apud

87 3123 166 3189 Tac.
191 3123 235 3188 H.
260 3122 288 3189 I.
313 3125 343 3205 8,
368 3124 420 3191 76.
444 3125 480 3189 ΙΙ
507 3124 560 3207 58,
593 3123 644 3190 65.
675 3122 809 3205 ModuS,
838 3144 906 3210 quo
929 3122 1089 3189 omnibus
1110 3123 1203 3189 hisce

86 3236 169 3302 locis
200 3238 241 3304 de
277 3237 398 3306 Oluvio
428 3240 588 3321 refertur,
623 3259 761 3326 prorsus
795 3238 1005 3304 demonstrat
1041 3237 1202 3306 Cluvium

87 3351 196 3418 Taciti
215 3353 344 3418 fontem
364 3375 435 3419 non
453 3353 565 3435 fuisse,
589 3359 628 3419 ut
646 3358 801 3419 accurate
817 3352 965 3418 ostendit
979 3353 1110 3418 Nissen.
1128 3352 1200 3440 (1.1.

86 3489 163 3555 pgg.
189 3467 264 3549 530,
296 3468 382 3556 531).
413 3471 588 3535 Postremo
619 3468 713 3534 hunc
744 3468 852 3534 Taciti
883 3467 1007 3549 locum,
1039 3467 1098 3553 qui
1125 3467 1201 3533 luce

87 3580 211 3647 clarius
233 3582 390 3648 Tacitum
414 3583 534 3651 Cluvio
557 3583 651 3649 fonte
675 3605 746 3648 non
776 3562 887 3648 usum*
909 3603 979 3648 esse
1010 3581 1200 3664 confirmat,

87 3695 287 3762 exscribam,
311 3698 356 3763 H.
380 3697 444 3777 III,
477 3698 528 3764 65.
561 3698 643 3783 (agit
673 3697 715 3764 de
746 3697 866 3765 Flavio
898 3695 1024 3762 Sabino
1048 3697 1090 3763 de
1116 3719 1200 3784 pace

86 3832 165 3876 cum
189 3811 328 3879 Vitellio
358 3812 520 3901 agitante)
548 3833 667 3898 „saepe
698 3812 791 3878 domi
821 3812 1001 3897 congressi,
1028 3816 1199 3899 postremo

122 3994 148 4058 1)
167 3993 268 4045 Ultima
285 3992 369 4045 Taciti
387 3993 466 4045 verba
483 3993 616 4045 Plutarchi
634 3993 802 4059 Suetoniique
813 3992 956 4045 narrationi
973 3993 1006 4044 de
1017 3992 1199 4061 diplomatibus
1277 4046 1281 4054 ,

84 4090 273 4158 quodammodo
296 4099 448 4158 repugnant.
475 4090 625 4158 Diplomata
649 4091 727 4156 enim,
746 4090 779 4142 nd
797 4090 942 4158 provincias
960 4089 1045 4155 missa,
1068 4090 1198 4143 Othonem

85 4187 197 4240 Neronis
215 4204 355 4254 cognomen
374 4188 500 4257 accepisse
513 4187 656 4241 declarant.
