3038 5190
641 534 682 600 11

107 725 265 792 tribunus
294 726 481 813 Vipstanus
511 724 670 791 Messalla
691 730 856 811 praeerat,
887 724 986 790 claris
1020 726 1216 809 maioribus,

108 841 262 927 egregius
284 841 356 928 ipse
380 846 412 907 et
436 841 495 928 qui
518 839 608 907 solus
631 839 675 905 ad
697 839 733 905 id
756 836 886 905 bellum
902 845 991 906 artes
1005 839 1112 907 bonas
1131 846 1217 907 attu-

108 956 244 1044 lisset'’).
434 953 435 957 ’
1085 1023 1087 1027 ,

153 1070 278 1138 Adhuc
308 1070 503 1138 Messallam
530 1068 714 1136 credebant
743 1074 879 1136 tantum
909 1069 952 1135 de
981 1069 1082 1136 rebus
1105 1071 1217 1157 gestis,
1284 1070 1287 1075 ’

109 1186 233 1274 quibus
262 1187 335 1273 ipse
364 1185 581 1267 interfuisset,
614 1184 876 1250 commentarios
901 1183 1054 1251 edidisse.
1079 1187 1104 1272 1)
1128 1186 1217 1252 Nam

110 1301 294 1370 verisimile
326 1307 375 1368 est
407 1323 485 1367 eum
516 1305 769 1389 praematuram
799 1304 945 1376 mortem
974 1299 1105 1382 obiisse,
1128 1323 1218 1382 cum,

111 1417 219 1482 Taciti
236 1417 375 1498 amicus,
394 1417 432 1481 in
453 1415 596 1502 Dialogo
620 1420 722 1501 atque
745 1414 906 1480 Historiis
924 1412 1085 1481 laudibus
1100 1415 1218 1498 elatus,

110 1536 225 1618 postea
256 1552 426 1618 nusquam
457 1536 665 1597 memoretur
688 1551 751 1595 nec
774 1528 845 1595 ulla
868 1529 907 1594 in
930 1528 1034 1595 Plinii
1057 1530 1218 1617 Epistolis

110 1645 181 1711 eius
212 1645 340 1711 mentio
371 1646 442 1712 fiat.
471 1644 581 1711 Aliter
603 1645 703 1710 Baier
724 1644 862 1711 iudicat.
884 1643 1069 1710 Contendit
1090 1644 1137 1711 l.l.
1162 1668 1217 1732 pg.

112 1761 153 1827 23
176 1781 346 1827 annorum
371 1761 413 1825 68
437 1766 470 1827 et
493 1761 536 1825 69
559 1781 611 1826 res
633 1764 744 1845 gestas
766 1765 837 1826 tam
860 1764 933 1825 arte
956 1758 1145 1840 cohaerere,
1170 1765 1218 1842 ut,

111 1874 170 1961 qui
193 1875 235 1941 de
258 1874 347 1940 bello
369 1875 460 1941 inter
482 1874 686 1943 Vitellianos
711 1880 744 1940 et
761 1874 944 1941 Flavianos
964 1874 1143 1961 scripserit,
1162 1896 1219 1941 ne·

110 1989 255 2055 cessario
278 1988 408 2056 Galbae
431 1995 463 2055 et
488 1988 634 2056 Othonis
657 1988 835 2054 historiam
859 1988 953 2074 operi
981 2009 1040 2053 suo
1067 2010 1220 2056 annexu-

112 2104 184 2171 erit.
202 2103 373 2190 Equidem
398 2126 469 2169 non
492 2103 652 2189 intellego
675 2125 735 2169 cur
757 2102 915 2170 Messalla
930 2102 1135 2170 Flavianum
1151 2103 1220 2169 bel-

112 2218 185 2284 lum
209 2239 361 2284 seorsum
384 2218 637 2284 commentariis
660 2218 793 2284 tradere
816 2239 886 2283 non
910 2217 1068 2304 potuerit.
1092 2217 1220 2286 Videli-

112 2339 164 2400 cet
185 2333 223 2398 in
246 2333 318 2399 eius
341 2354 441 2419 opere
464 2333 508 2399 ad
525 2333 708 2398 antefacta
725 2332 954 2419 delegabatur,
971 2333 1110 2399 fortasse
1125 2333 1220 2398 iden·

112 2448 236 2527 tidem;
259 2448 307 2515 ita
330 2447 368 2512 in
391 2448 491 2514 rebus
515 2446 767 2514 conscribendis
781 2447 831 2530 fit,
849 2469 928 2513 cum
944 2447 981 2512 in
996 2447 1138 2514 historia
1150 2469 1221 2513 om·

113 2563 172 2629 nia
204 2563 416 2630 cohaereant.
445 2565 623 2629 Praeterea
645 2584 698 2628 res
727 2583 805 2628 suas
835 2562 1121 2628 commentatione
1151 2585 1221 2628 am·

113 2679 216 2766 plecti
239 2684 341 2765 atque
364 2679 462 2745 edere
486 2679 528 2745 iis
544 2678 754 2766 temporibus
770 2677 922 2744 alienum
939 2699 1010 2743 non
1025 2679 1099 2744 fuit.
1120 2678 1220 2761 ¹Quod

112 2795 265 2860 fecerunt
292 2791 486 2880 Agrippina
508 2793 558 2880 (Τ.
583 2794 675 2860 Ann.
703 2793 764 2862 IV.
792 2793 858 2881 53),
877 2793 1048 2859 Domitius
1072 2793 1220 2859 Corbulo

113 2908 163 2995 (T.
189 2906 280 2974 Ann.
301 2907 369 2975 XV
393 2909 458 2994 16),
478 2907 659 2973 Suetonius
681 2908 847 2974 Paulinus
870 2907 970 2994 (Plin.
995 2909 1040 2974 H.
1059 2909 1099 2974 N.
1124 2909 1166 2975 V.
1189 2910 1218 2975 1.

114 3023 190 3110 14),
209 3022 441 3109 Vespasianus
464 3021 618 3110 (Josephi
642 3022 732 3089 Vita.
757 3044 783 3088 c.
808 3021 850 3087 65
873 3027 888 3103 ξ
910 3023 1007 3116 341),
1024 3027 1100 3088 cett.

157 3137 257 3216 Quod
280 3142 394 3202 noster
416 3158 493 3223 pgg.
518 3138 548 3218 3,
572 3138 603 3218 4,
628 3137 679 3202 24.
701 3141 867 3218 autumat,
887 3136 966 3202 licet
984 3143 1114 3203 certum
1132 3136 1220 3203 indi·

113 3253 205 3319 cium
220 3274 289 3318 non
310 3252 362 3333 sit,
382 3273 503 3319 verum
519 3251 569 3317 nil
585 3251 679 3318 aliud
699 3252 765 3317 nisi
781 3251 975 3317 coniectura
991 3274 1011 3318 a
1027 3252 1221 3318 coniectura

113 3367 318 3454 dependens,
346 3366 557 3453 probabilius
580 3388 650 3432 esse
672 3366 817 3434 videtur.
843 3366 932 3432 ditat
954 3366 1151 3432 'Nissenium
1173 3366 1219 3433 ll.

113 3504 167 3568 pg.
192 3480 266 3548 507.
291 3481 335 3548 ad
351 3481 439 3547 Plut.
465 3480 502 3548 Ο.
525 3482 555 3547 9.
576 3480 631 3568 (de
655 3479 802 3546 Othonis
824 3485 904 3546 ante
923 3501 1075 3566 pugnam
1091 3480 1219 3568 animo)

111 3597 167 3657 καὶ
193 3603 293 3658 τοῦτο
324 3595 389 3674 μὲν
417 3593 607 3678 διηγεῖτο
630 3592 873 3675 Σεκοῦνδος
896 3593 915 3656 ὁ
938 3593 1052 3679 ῥήτωρ
1079 3593 1132 3655 ἐπὶ
1151 3601 1221 3656 τῶν

111 3707 299 3772 ἐπιστολῶν
324 3709 512 3792 γενόμενος
530 3719 590 3773 τοῦ
613 3709 771 3790 Ὄθωνος.
793 3711 857 3792 „Es
880 3711 924 3776 ist
942 3710 1080 3796 wichtig
1094 3711 1158 3776 fest
1180 3731 1221 3775 zu

148 4002 173 4068 1)
193 4001 231 4054 cf.
251 4002 346 4055 Nissen
364 4004 382 4056 l.
400 4005 417 4056 l.
436 4022 495 4072 pgg.
519 4004 579 4071 529,
603 4005 663 4071 536,
687 4006 746 4059 537.
771 4004 1064 4058 TrnrrrnScnwmu
1082 4004 1175 4057 Gesch.
1195 4004 1219 4056 d.

110 4100 185 4151 Rom.
205 4100 256 4152 Lit.
276 4101 346 4153 Aun.
370 4103 394 4155 5.
413 4102 526 4170 Leipzig.
547 4103 624 4157 1890.
643 4121 685 4171 pg.
705 4103 764 4157 766.
788 4103 812 4156 3.
832 4127 866 4142 ⁴-
891 4103 972 4155 Fabia
994 4105 1012 4157 l.
1037 4105 1053 4156 l.
1077 4122 1135 4172 pgg.
1161 4102 1220 4156 182,

111 4195 170 4264 183,
189 4196 337 4252 231-243.
