3038 5190
744 537 785 601 43

205 733 312 800 aliam
334 733 503 801 rationem
523 732 618 819 sequi
641 736 743 817 atque
764 752 785 796 a
808 728 959 796 Suetonii
984 749 1107 814 genere
1129 729 1217 817 vitas
1241 750 1318 796 con·

205 846 378 914 scribendi
400 846 503 935 plane
522 844 704 913 abhorrere
724 843 909 910 exorditur.
934 844 1032 925 Nam,
1058 865 1137 910 cum
1160 849 1260 911 antea
1276 845 1318 911 de

206 962 338 1030 Galbae
360 963 431 1031 vita
457 962 619 1049 dispersa,
643 960 767 1048 quibus
790 980 951 1026 excursus
973 959 1206 1041 miscerentur,
1230 981 1319 1026 corn·

205 1084 357 1165 poneret,
391 1078 473 1144 inde
503 1076 546 1144 ab
578 1077 644 1144 hoc
674 1075 794 1162 capita,
828 1074 946 1162 paucis
976 1073 1077 1141 rebus
1105 1074 1320 1160 gravioribus

204 1192 349 1275 omissis,
373 1192 572 1259 continuam
594 1190 731 1278 imperii
754 1190 903 1257 Romani
923 1188 986 1255 sub
1010 1187 1138 1256 Galbae
1162 1189 1321 1256 Othonis·

205 1329 273 1395 que
293 1329 396 1394 regno
413 1308 592 1374 historiam
612 1305 803 1374 conscribit.
821 1304 936 1392 Atque
955 1305 1125 1391 imprimis
1144 1305 1319 1374 Plutarchi
1345 1288 1352 1353 ’-

206 1423 388 1490 declinatio
409 1444 429 1488 a
447 1423 535 1490 vitas
551 1421 722 1488 scribendi
740 1421 871 1487 ratione
888 1441 926 1487 eo
943 1419 1062 1502 elucet,
1087 1421 1180 1507 quod
1202 1420 1318 1487 Sueto·
1352 1440 1357 1497 ξ

204 1537 283 1603 nius
305 1537 342 1603 in
366 1536 494 1604 Galbae
524 1537 596 1604 vita
622 1538 690 1603 fere
714 1535 847 1602 nullam
871 1535 914 1601 de
941 1535 1076 1602 Othone
1105 1535 1316 1602 mentionem
1352 1518 1357 1557 ⁵

203 1652 295 1734 tacit,
325 1652 385 1718 sed
415 1651 601 1739 complura,
632 1674 653 1718 a
683 1651 867 1717 Plutarcho
897 1651 935 1716 in
967 1649 1095 1717 Galbae
1117 1651 1190 1719 vita
1213 1650 1255 1717 de
1279 1673 1317 1718 eo
1351 1678 1355 1720 ε

203 1765 339 1849 tradita,
356 1772 394 1832 ut
409 1744 559 1834 vitarum
576 1766 719 1852 scriptor
736 1786 796 1832 suo
815 1765 889 1832 loco
907 1765 946 1830 in
966 1764 1113 1833 Othonis
1131 1765 1204 1833 vita
1223 1786 1318 1832 enar·

203 1887 267 1948 rat.
291 1883 329 1949 E.
354 1903 570 1969 ccompara
593 1903 680 1970 quac
703 1882 739 1948 Ρ.
770 1881 809 1948 G.
837 1883 890 1963 19,
919 1882 971 1947 20.
999 1880 1041 1948 de
1065 1881 1201 1948 Othone
1223 1881 1317 1949 inve-

202 1997 347 2064 niuntur
370 2003 404 2063 et
422 1996 453 2063 S.
473 1997 511 2064 O.
536 1999 567 2079 3,
592 1998 625 2079 4;
650 1998 687 2063 Ρ.
712 1996 752 2063 G.
771 1998 823 2078 24,
848 1995 889 2061 25
910 2002 942 2063 et
959 1995 991 2063 S.
1010 1995 1048 2063 O.
1068 1997 1101 2062 6:
1120 1996 1162 2064 de
1179 1995 1314 2064 Othone

203 2112 409 2199 imperatore
427 2116 535 2199 rapto,
560 2112 741 2179 Suetonius
761 2133 839 2199 ergo
859 2113 1089 2200 perseveravit
1102 2112 1141 2178 in
1157 2133 1217 2179 suo
1241 2133 1316 2199 pro·

203 2228 314 2315 posito
337 2229 425 2296 vitas
447 2227 694 2310 conscribendi,
717 2227 922 2294 Plutarchus
946 2229 987 2294 18
1007 2228 1127 2315 primis
1147 2227 1315 2315 capitibus

202 2342 320 2429 aliqua
339 2365 381 2409 ex
398 2348 493 2431 parte
512 2344 620 2411 vitam
638 2364 856 2430 componens,
877 2343 1001 2410 deinde
1017 2365 1110 2410 mere
1126 2343 1314 2410 secundum

202 2464 397 2546 temporum
425 2459 592 2526 rationem
621 2459 706 2546 opus
740 2481 840 2526 suum
875 2459 1038 2526 condidit.
1074 2461 1170 2532 Haec
1203 2457 1313 2526 habeo

203 2571 296 2659 quod
327 2573 371 2639 ad
402 2574 682 2660 compositionem
718 2573 933 2655 documenta,
968 2595 1055 2662 quae
1089 2573 1311 2640 Plutarchum

201 2688 321 2755 Tacito
343 2709 443 2755 usum
467 2710 536 2756 esse
559 2689 802 2755 demonstrent.

248 2804 349 2869 Nunc
364 2803 408 2871 ad
419 2825 538 2870 causas
552 2804 730 2871 interiores
744 2809 888 2871 transeo
910 2804 1039 2900 Omnes
1049 2805 1150 2884 locos,
1162 2803 1222 2871 ubi
1238 2804 1315 2871 Plu-

201 2917 340 2984 tarchus
363 2924 396 2984 et
421 2919 558 2985 Tacitus
587 2918 799 2987 adverbum
822 2926 1016 3005 congruunt
1036 2920 1092 2988 vel
1119 2918 1313 3006 paullulum

202 3031 406 3119 discrepant,
437 3054 636 3100 enumerare
662 3034 863 3121 supersedeo
894 3056 957 3101 nec
981 3035 1120 3122 expedit
1149 3037 1312 3116 conferre,

202 3169 289 3234 quae
312 3147 369 3214 hic
394 3148 449 3216 vel
471 3147 530 3214 ille
553 3150 680 3216 omittit
702 3156 761 3216 aut
783 3151 889 3217 addit.
913 3152 999 3216 Iamv
1012 3151 1093 3217 satis
1115 3151 1152 3217 in
1180 3151 1314 3218 confici·

201 3261 299 3329 endis
334 3262 436 3328 huius
465 3262 514 3329 rei
545 3262 671 3329 tabulis
697 3263 908 3331 elaboratum
928 3271 986 3331 est.
1008 3267 1032 3352 1)
1064 3266 1144 3332 Loci
1167 3267 1210 3332 ad
1242 3287 1315 3334 ver-

201 3376 285 3443 bum
313 3384 537 3463 congruentes
559 3379 614 3447 vel
642 3379 786 3447 eandem
813 3401 886 3446 rem
908 3386 1101 3463 tractantes,
1128 3382 1197 3447 fere
1220 3382 1312 3448 idem

200 3491 293 3578 apud
308 3497 493 3580 utrumque
512 3514 627 3559 rerum
650 3493 743 3575 ordo,
767 3516 893 3580 magna
915 3517 935 3561 a
958 3501 1074 3562 nostra
1097 3502 1193 3583 parte
1216 3519 1313 3583 argu·

1334 874 1341 959 l

1338 962 1343 990 l

198 3634 256 3686 rim.
270 3634 449 3702 Inspexeritne
459 3634 599 3688 Suetonius
609 3635 777 3689 Plutarchum
789 3655 823 3688 an
837 3654 999 3690 communem
1013 3646 1121 3706 uterque
1134 3640 1231 3691 fontem
1241 3639 1313 3692 adhi-

198 3731 283 3784 buerit
296 3731 437 3786 diiudicare
449 3733 492 3784 hic
505 3750 521 3785 a
533 3750 562 3786 re
575 3741 621 3785 est.

236 3829 262 3894 1)
290 3828 379 3894 Locos,
403 3827 447 3881 ubi
470 3828 503 3880 ad
524 3829 632 3882 verbum
662 3838 814 3897 «ingruunt,
844 3831 974 3884 invenias:
998 3833 1151 3885 Mommsen.
1174 3834 1192 3884 l.
1214 3834 1230 3885 l.
1252 3851 1311 3902 pgg.

198 3923 339 3979 300-305
358 3925 385 3977 in
404 3925 481 3978 adnn.
501 3925 658 3991 312-315;
677 3927 769 3980 Lenius
787 3928 804 3979 l.
820 3928 836 3979 l.
855 3946 897 3995 pg.
918 3929 980 3992 173;
1000 3929 1094 3996 Hcrdp⁷
1108 3930 1123 3981 l.
1138 3930 1155 3981 l.
1171 3930 1236 3981 Intr.
1251 3948 1307 3998 pgg.
1336 3935 1337 3938 ’

198 4021 316 4086 37-43;
337 4036 378 4074 res
398 4023 567 4076 communiter
587 4024 708 4076 traditas:
734 4024 827 4078 Glason
847 4026 864 4077 l.
883 4027 900 4078 l.
921 4045 979 4094 pgg.
999 4026 1118 4092 23-693
1138 4028 1238 4080 Krauss
1256 4029 1273 4080 l.
1293 4030 1310 4080 l.

197 4135 256 4185 pgg.
273 4119 388 4183 17-183
410 4119 585 4174 additamenta
605 4121 752 4174 Plutarchi:
774 4123 874 4175 Krauss
894 4124 910 4174 l.
931 4125 947 4176 l
969 4141 1027 4191 pgg.
1048 4124 1124 4178 6-8.
1144 4124 1238 4192 Hardy
1256 4125 1273 4176 l.
1293 4125 1309 4176 l.

197 4214 263 4267 Intr.
278 4233 336 4285 pgg.
351 4216 464 4285 29-34,
479 4219 523 4271 ubi
536 4219 722 4288 discrepantiae
737 4237 840 4288 quoque
853 4230 1044 4276 enumerantur.
