3038 5190
620 564 662 628 83

81 753 201 835 chum,
222 753 280 839 qui
300 751 450 818 studeret
471 751 580 817 Taciti
606 753 836 819 narrationem
860 752 1050 821 breviatam
1073 754 1193 820 redde-

80 890 132 951 re,
158 869 195 933 in
219 889 367 934 errorem
391 866 569 954 delapsum
592 889 671 934 esse.

130 984 211 1048 Post
229 983 319 1048 hanc
337 1003 490 1069 pugnam
509 980 713 1048 Plutarchus
731 987 848 1050 narrat
866 1005 1038 1050 summam
1056 984 1194 1071 imperii

81 1099 131 1167 ad
149 1098 324 1164 Titianum
344 1101 376 1162 et
398 1094 582 1162 Proculum
598 1096 744 1163 delatam
765 1119 845 1180 esse,
867 1099 958 1185 quod
977 1100 1055 1165 Tac.
1080 1099 1125 1165 H.
1146 1099 1192 1166 Π.

81 1217 128 1281 23
152 1213 266 1302 paullo
286 1217 387 1280 antea
409 1217 486 1298 post
503 1211 732 1297 gladiatorum
755 1213 924 1300 proelium
947 1215 1039 1302 apud
1060 1215 1194 1281 Cremo·

79 1351 166 1396 nam
177 1331 305 1395 factum
316 1328 423 1415 ponit.
439 1327 465 1414 1)
478 1326 615 1392 Tacitus
627 1333 742 1394 autem
754 1328 858 1394 tradit
873 1335 949 1416 post
961 1329 1190 1416 gladiatorum

79 1467 236 1533 pugnam
252 1442 464 1536 Othonianos
476 1441 677 1511 criminibus
689 1443 791 1509 duces
806 1445 980 1510 incessisse
999 1445 1120 1527 „modo
1135 1468 1193 1532 pa*

79 1561 153 1626 lam
176 1558 320 1625 turbidis
339 1555 488 1637 vocibus,
512 1556 614 1622 modo
638 1557 778 1623 occultis
797 1557 840 1623 ad
865 1557 1036 1624 Othonem
1059 1559 1190 1641 litteris,

80 1676 142 1763 qui
165 1674 359 1740 humillimo
387 1672 508 1758 cuique
539 1672 705 1754 credulus,
737 1672 844 1739 bonos
870 1679 1025 1739 metuens
1047 1674 1193 1760 trepida·

81 1796 154 1878 pat,
185 1787 286 1855 rebus
314 1786 484 1875 prosperis
516 1786 666 1852 incertus
697 1793 730 1852 et
762 1787 852 1853 inter
885 1788 1027 1855 adversa
1057 1789 1190 1872 melior;

80 1905 188 1991 igitur
210 1893 385 1970 Titianum
411 1903 551 1967 fratrem
570 1902 716 1967 accitum
740 1900 828 1968 bello
852 1904 1078 1990 praeposuit''
1101 1905 1191 1990 Ergo

83 2019 281 2107 imperium,
311 2023 350 2083 ut
382 2016 532 2082 militum
567 2016 700 2081 animos
733 2016 913 2103 mitigaret,
947 2018 984 2082 in
1015 2019 1191 2085 Titianum

78 2134 265 2202 transtulit.
289 2132 493 2199 Plutarchus
516 2130 745 2217 gladiatorum
764 2123 916 2218 pugnam
940 2132 1063 2215 omisit,
1085 2134 1191 2220 impe·

78 2251 172 2315 rium
195 2253 333 2336 propter
359 2243 509 2312 militum
531 2245 568 2309 in
592 2245 694 2312 duces
717 2246 860 2312 crimina
884 2246 1034 2312 delatum
1058 2269 1128 2313 esse
1152 2248 1189 2313 in

77 2365 256 2431 Titianum
275 2383 464 2429 memorare
494 2360 612 2443 voluit,
644 2361 735 2448 quod
758 2361 932 2448 aptissime
955 2362 1020 2442 hoc
1047 2363 1120 2429 loco
1143 2364 1190 2430 fa-

75 2502 153 2547 cere
176 2479 295 2566 potuit.
318 2475 489 2543 Adiunxit
504 2474 597 2540 hisce
620 2475 728 2541 Taciti
746 2475 912 2541 iudicium
926 2477 971 2542 H.
988 2477 1033 2543 ΙΙ.
1051 2479 1093 2542 39
1111 2477 1190 2558 „ho-

75 2617 142 2661 nor
164 2593 301 2680 imperii
316 2610 420 2678 penes
435 2590 609 2656 Titianum
625 2591 773 2671 fratrem,
794 2591 846 2657 vis
863 2612 901 2657 ao
919 2597 1066 2677 potestas
1084 2613 1189 2678 penes

74 2708 261 2776 Proculum
283 2705 523 2793 praefectum.''
547 2701 697 2766 Τιτιανὸν
713 2743 747 2750 -
766 2702 827 2765 τὸν
847 2702 1000 2786 αοελφὸν
1019 2707 1075 2767 καὶ
1095 2703 1184 2786 Πρό-

74 2821 162 2884 κλον
189 2820 249 2882 τὸν
269 2819 426 2900 ἔπαρχον,
448 2819 487 2898 ὃς
506 2815 596 2898 εἶχεν
617 2817 707 2899 ἔργῳ
735 2818 797 2899 τὴν
830 2827 941 2880 πᾶσαν
966 2819 1084 2901 ἀρχην,
1110 2819 1187 2901 πρό-

75 2948 191 3016 σχημα
212 2931 251 2995 dd
270 2931 312 3014 ἦν
333 2933 352 2996 ὁ
375 2931 533 3012 Τιτιανός.
678 3018 680 3021 Ι

120 3049 217 3130 Cap.
240 3051 300 3116 10.
324 3047 479 3114 Occurrit
501 3047 650 3113 narratio
674 3069 761 3134 quae
784 3048 876 3134 apud
899 3048 1056 3114 Tacitum
1081 3049 1182 3116 deest.
1289 3033 1297 3045 ⁴

76 3163 132 3244 Ὡς
152 3162 190 3226 ὁὲ
211 3161 312 3225 οὐδέν
326 3162 511 3243 ἐπέραινον,
532 3161 726 3241 ἐνθεμένων
747 3164 795 3242 εἰς
815 3161 856 3224 τὰ
874 3161 973 3224 πλοῖα
995 3161 1081 3243 ὁᾷὸα
1094 3162 1187 3226 θείου

72 3280 131 3341 καὶ
150 3280 264 3362 πίττης
282 3276 460 3340 ἀνάπλεων
475 3276 528 3368 did
541 3286 601 3339 τοῦ
615 3277 722 3358 πόρου
738 3287 866 3356 πνεῦμα
880 3278 1072 3359 προσπεσὸν
1087 3278 1187 3359 ἄφνω

72 3395 137 3476 τὴν
157 3393 474 3475 παρεσκευασμένην
494 3391 577 3474 ὕλην
606 3391 658 3454 ἐπὶ
685 3392 763 3472 τοὺς
791 3391 970 3473 πολεμίους
990 3391 1184 3474 ἐξερρίπιζε.

74 3508 220 3573 Καπνοῦ
242 3507 280 3570 ὁέ
300 3517 444 3589 πρῶτον,
470 3505 541 3571 εἶτα
566 3506 720 3589 λαμπρᾶς
742 3505 872 3589 φλογὸς
892 3507 1108 3589 ἐκπεσούσης,
1129 3528 1185 3570 τα-

71 3623 272 3706 ραττόμενοι
296 3625 353 3704 ναὶ
380 3620 618 3703 ἀποπηδῶντες
639 3623 687 3702 εἰς
707 3621 767 3683 τὸν
787 3620 938 3700 ποταμὸν
958 3621 1020 3701 τάς
1040 3641 1077 3684 τε
1099 3631 1183 3702 ναῦς

71 3739 260 3819 ἀνέτρεπον
273 3737 383 3801 καὶτὰ
405 3737 544 3816 σώματα
558 3747 628 3817 τοϊς
648 3735 816 3815 πολεμίοις
834 3735 921 3815 μετὰ
934 3711 1089 3819 γέλωτος
1102 3755 1183 3817 παρ-

68 3863 177 3937 εἶχον.

120 3969 223 4036 Varie
259 3969 300 4035 de
338 3968 403 4033 hoc
437 3968 510 4034 loco
547 3968 763 4054 disputavere
798 3966 863 4034 viri
898 3967 999 4049 docti,
1030 3971 1064 4033 at
1100 3967 1181 4034 Ger-

107 4136 133 4202 1)
153 4133 317 4185 CtiKrauss.
335 4134 352 4185 l.
371 4134 388 4184 l.
408 4151 449 4200 pg.
474 4134 514 4185 14.
539 4133 725 4186 Gerstenecker
745 4133 763 4184 l.
781 4133 800 4184 l.
823 4150 881 4200 pgg.
905 4131 948 4198 25,
972 4132 1014 4186 50.
1039 4132 1106 4184 Puhl
1126 4133 1142 4185 l.
1162 4133 1179 4186 l.

69 4251 112 4302 pg.
133 4232 357 4286 13.Lezius1.1.
377 4250 434 4298 pgg.
455 4232 513 4296 117,
534 4230 592 4284 118.

1008 4315 1047 4379 6*
