3038 5190
740 522 782 585 62

199 721 342 782 ventum
375 736 480 801 agens
505 712 709 780 tumultuari
734 712 864 778 Gallias
887 714 1062 799 comperit.
1087 753 1131 763 -
1155 714 1332 802 Superve-

198 837 323 896 nerunt
348 837 381 896 et
398 830 554 897 Vindicis
577 829 742 894 litterae.’'
766 827 888 893 Procul
905 827 1011 895 dubio
1032 829 1143 896 Galba
1163 830 1227 896 otii
1248 852 1329 897 cau-

199 967 235 1010 sa
263 944 407 1010 Cluniae
431 943 585 1030 degebat,
610 944 664 1025 (cf.
688 943 779 1008 Suet.
805 944 845 1009 G.
879 945 909 1008 9.
944 944 1136 1024 „Paulatim
1167 945 1207 1009 in
1241 945 1330 1011 desi-

198 1060 292 1125 diam
308 1061 556 1146 segnitiemque
579 1079 762 1124 conversus
779 1064 839 1138 est,
863 1079 907 1123 ne
931 1059 1014 1144 quid
1039 1060 1205 1125 materiae
1228 1082 1330 1146 prae-

198 1174 294 1241 beret
319 1176 458 1255 Neroni,
482 1181 526 1255 et,
549 1181 588 1239 ut
611 1175 722 1239 dicere
745 1171 886 1254 solebat,
910 1175 1001 1260 quod
1026 1196 1128 1240 nemo
1151 1177 1326 1241 rationem

198 1291 258 1356 otii
274 1291 326 1355 sui
342 1290 483 1356 reddere
500 1290 721 1376 cogeretur.'’)
739 1289 832 1354 unde
849 1295 1058 1355 conventum
1084 1295 1224 1356 acturus
1248 1292 1328 1357 Car-

197 1406 376 1490 thaginem
399 1428 526 1473 novam
547 1405 718 1491 profectus
741 1412 800 1469 est.
826 1404 903 1469 Illic
926 1405 1054 1485 omnia,
1078 1427 1176 1490 quoe·
1191 1405 1328 1473 Plutar-

198 1522 282 1586 chus
311 1521 393 1586 inde
423 1544 443 1587 a
476 1543 549 1607 cap.
581 1521 618 1585 4:
652 1517 739 1580 ’All’
759 1517 874 1600 ἐπειὸὴ
895 1518 1058 1600 λαμπρῶς
1082 1520 1142 1581 τὸν
1171 1520 1327 1601 πόλεμον

197 1636 350 1721 ἐκφήνας
379 1635 398 1697 ὁ
430 1633 566 1715 Οὐίνδιξ
591 1635 728 1717 ἔγραψε
750 1642 812 1700 etc.
837 1635 880 1700 de
911 1635 1021 1701 Galba
1051 1635 1192 1722 eiusque
1224 1637 1327 1703 factis

197 1749 391 1832 conscribit,
415 1750 622 1816 aeciderunt.
652 1751 747 1829 Quae
778 1772 852 1836 cap.
884 1752 914 1816 7.
947 1750 1142 1830 traduntur,
1178 1751 1326 1818 Cluniae

195 1866 397 1946 factasunt,
422 1887 466 1930 so.
500 1865 648 1932 Galbam
680 1864 879 1950 cognovisse
903 1872 1060 1931 senatum
1083 1865 1326 1954 populumque

197 1981 393 2046 Romanum
416 1981 454 2044 in
478 2002 539 2046 sua
558 1978 663 2046 verba
686 1981 824 2061 iurasse,
848 1981 1020 2046 Neronem
1037 1987 1212 2046 mortuum
1240 2003 1323 2048 esse.

197 2095 393 2161 Secundum
424 2095 514 2161 Suet.
552 2096 592 2161 G.
625 2097 676 2160 11.
714 2102 798 2161 tune
832 2096 1008 2182 ,deposita
1038 2096 1141 2182 legati
1172 2099 1325 2185 suscepit

197 2211 350 2277 Caesaris
376 2209 677 2298 appellationem.''
702 2211 757 2276 Ad
789 2211 881 2277 hanc
911 2188 983 2276 rem
1008 2213 1148 2277 fortasse
1171 2213 1327 2298 pertinet

196 2326 373 2413 inscriptio
402 2325 556 2407 Cluniae,
573 2326 610 2392 C.
627 2327 654 2391 I.
679 2327 716 2392 L.
734 2327 779 2392 II.
797 2327 894 2393 2779.
912 2327 945 2407 (a
960 2326 1190 2392 Mommsenio
1206 2348 1325 2394 emen·

196 2441 305 2528 datal:
326 2441 579 2529 ,[lmpe]rator.
597 2441 683 2528 [Ser.
705 2441 842 2528 G]alba.
860 2443 954 2508 Caes.
971 2443 1059 2528 Aug.
1083 2440 1179 2528 tri[b.
1197 2443 1325 2530 p]o[t.]

196 2562 291 2641 pont.
323 2557 449 2644 ma[x].
474 2578 530 2622 cos
554 2610 760 2623 .......
785 2558 825 2624 ri.
849 2558 1020 2644 pelounia)
1043 2556 1243 2643 p(ublioa).''
1268 2558 1324 2643 (In

199 2672 269 2751 „ri”
285 2671 389 2737 latere
413 2681 556 2758 possunt
578 2679 638 2738 aut
663 2674 837 2758 ,magistri
862 2672 1153 2759 quattuorvirive''
1179 2679 1241 2738 aut
1266 2695 1325 2738 no-

197 2807 276 2850 men
305 2786 539 2853 dedicantium
564 2786 658 2852 velut
681 2787 869 2872 Cantabri.)

240 2900 337 2982 Cap.
353 2905 389 2968 8.
403 2900 513 2967 Galba
537 2897 579 2981 ἦν
599 2901 690 2962 ἐτῶν
710 2911 813 2983 τριῶν
833 2905 889 2964 καὶ
909 2900 1153 2986 ἑβδομήκοντα.
1166 2905 1322 2969 sea068.

241 3015 317 3093 Quo
341 3037 434 3080 anno
458 3015 569 3082 Galba
600 3023 701 3082 natus
732 3017 785 3097 sit,
815 3018 986 3083 incertum
1018 3023 1076 3082 est.
1109 3017 1320 3083 Invenimus

196 3131 289 3217 apud
313 3132 391 3197 Tae.
416 3132 463 3197 H.
486 3132 513 3197 Ι.
539 3132 592 3212 49,
616 3131 706 3197 Suet.
732 3133 772 3198 G.
798 3135 850 3213 23,
875 3133 912 3198 C.
936 3133 1013 3199 Dio.
1037 3134 1089 3198 64.
1114 3133 1144 3211 6,
1169 3132 1201 3198 S.
1233 3133 1321 3199 Aur.

196 3247 324 3314 Victor.
348 3247 439 3332 Epit.
465 3249 494 3312 6.
520 3248 551 3326 4,
576 3246 725 3313 Galbam
748 3270 880 3313 annum
908 3248 1048 3314 tertium
1079 3254 1113 3313 et
1142 3253 1323 3334 septuage-

196 3362 323 3427 simum
346 3370 503 3448 agentem
527 3369 703 3428 mortuum
726 3385 807 3429 esse.
832 3363 1018 3430 Concludis
1040 3384 1119 3448 ergo
1143 3384 1224 3428 eum
1250 3364 1322 3430 205

196 3501 226 3545 a.
252 3479 288 3545 C.
312 3501 346 3544 n.
379 3485 499 3544 natum
531 3501 612 3544 esse.
644 3479 825 3545 Suetonius
848 3502 929 3547 vero
953 3480 993 3547 G.
1019 3481 1049 3545 4.
1078 3479 1200 3545 tradit:
1229 3480 1323 3561 ,Ser

197 3594 308 3661 Galba
330 3595 419 3680 Imp.
442 3594 489 3658 M.
514 3593 652 3661 Valerio
676 3594 846 3677 Messalla,
871 3595 922 3661 Cn
939 3593 1086 3661 Lentulo
1101 3616 1192 3662 cons.
1218 3596 1248 3683 1)
1263 3618 1324 3663 na·

193 3717 249 3776 tus
276 3716 325 3775 est
353 3708 459 3776 VIIII
487 3709 545 3774 Kl.
574 3709 670 3775 Ian.'’
698 3710 720 3775 i.
749 3730 777 3774 e.
806 3713 842 3775 a0
872 3712 902 3776 3.
931 3733 960 3775 a.
991 3711 1026 3776 C.
1058 3732 1091 3774 n.
1121 3710 1274 3776 Rmnnn
1296 3712 1322 3797 2)

231 3911 256 3971 ll
277 3908 380 3974 Ubique
398 3908 455 3959 eius
473 3908 533 3958 anni
553 3909 669 3959 consules
687 3909 718 3959 L.
739 3909 874 3972 Lentulus,
894 3918 919 3960 et
939 3909 969 3959 M
988 3880 1110 3959 Messalla
1123 3907 1174 3972 (vel
1190 3907 1323 3960 Messalli-

194 4012 253 4084 nus)
273 4005 448 4070 nominantur,
467 4005 581 4072 exceptis
598 4005 647 4056 hoc
666 4006 721 4056 loeo
739 4014 764 4056 et
784 4005 891 4056 Aufidio
910 4006 991 4056 Basso
1009 4022 1058 4055 sec.
1077 4003 1138 4070 epit.
1153 4002 1323 4056 Cassiodori:

195 4100 223 4152 0.
243 4102 349 4154 Lentus.
370 4103 407 4154 M.
427 4103 557 4154 Messalla.

229 4198 257 4257 ⁸2)
276 4198 316 4250 ad.
336 4199 364 4250 C.
385 4199 505 4250 Dionem.
525 4200 567 4252 ss-l.
586 4202 601 4265 ,ξ
623 4202 644 4251 l.
664 4209 724 4252 nota
743 4201 768 4251 ⁸2.
