3038 5190
615 545 657 611 25

123 740 284 808 Cluvium
308 741 439 806 Rufum
458 745 491 805 et
510 738 705 804 Messallam
724 739 767 803 de
789 736 844 803 his
860 736 1070 823 temporibus
1085 737 1188 824 scrip·

79 856 159 921 sisse
183 855 452 942 haudquaquam
475 859 607 920 constat
628 858 730 941 atque
752 852 857 919 etiam
880 851 1088 918 contrarium
1111 874 1186 939 pro·

78 969 225 1036 babillus
242 975 291 1036 est
305 971 341 1057 1).
360 970 395 1036 Ο.
413 969 545 1035 Plinius
561 969 652 1036 solus
667 968 782 1055 aliquo
797 967 899 1034 modo
915 967 1052 1034 defendi
1068 973 1187 1054 potest,

78 1107 289 1173 quamquam
305 1085 399 1152 haud
419 1085 615 1177 spernenda
637 1089 838 1170 argumenta
860 1088 978 1150 contra
992 1082 1188 1149 Nissenium

77 1199 265 1267 attulerunt
293 1201 418 1286 Lange,
453 1200 562 1281 Beier,
593 1200 653 1266 alii
686 1200 722 1288 2).
755 1200 835 1285 Ipsa
867 1198 994 1285 scripta
1020 1202 1188 1264 testantur

79 1316 196 1404 quales
224 1316 261 1381 in
285 1315 500 1382 difficultates
524 1315 718 1397 deveniant,
746 1314 804 1402 qui
835 1334 1053 1380 communem
1076 1318 1188 1379 auoto-

79 1453 152 1498 rem
176 1431 366 1517 excogitare
389 1431 639 1516 aggrediantur.

122 1549 300 1614 Praeterea
327 1567 455 1628 omnes,
482 1547 541 1633 qui
572 1546 692 1612 eodem
714 1551 850 1612 auctore
880 1548 1063 1631 utrumque
1086 1565 1187 1610 usum

78 1685 150 1730 esse
168 1661 360 1750 perhibent,
384 1661 541 1728 Tacitum
560 1666 695 1728 tantum
718 1682 789 1727 non
812 1682 921 1727 unum
943 1661 1074 1726 fontem
1094 1657 1188 1745 operi

78 1801 139 1845 suo
170 1778 434 1844 fundamentum
461 1776 612 1863 posuisse
642 1775 829 1845 necessario
853 1779 1015 1841 statuunt.
1040 1774 1094 1840 Ita
1115 1794 1188 1838 rem

78 1916 113 1960 se
133 1916 202 1959 non
222 1892 382 1959 haberes
401 1891 578 1958 nonnullis
596 1891 679 1957 locis
702 1892 831 1957 efficere
848 1889 999 1956 studebo
1020 1891 1058 1956 T.
1079 1890 1123 1955 H.
1141 1889 1187 1955 Π.

79 2012 154 2076 101.
175 2009 229 2090 (de
252 2007 383 2074 Lucilio
407 2007 510 2072 Basso
534 2012 567 2072 et
591 2007 735 2073 Caecina
759 2006 983 2073 defectionem
1005 2027 1025 2072 a
1048 2004 1187 2073 Vitellio

78 2121 337 2210 meditantibus)
362 2121 567 2208 ,Scriptores
590 2128 794 2208 temporum,
819 2122 878 2208 qui
900 2121 1051 2207 potiente
1073 2142 1188 2186 rerum

78 2238 198 2306 Flavia
221 2240 323 2304 domo
346 2238 559 2304 monimenta
581 2235 663 2303 belli
681 2237 823 2302 huiusce
842 2240 1114 2323 composuerunt,
1134 2257 1189 2301 cu-

79 2377 154 2421 ram
174 2353 267 2441 pacis
289 2358 324 2419 et
346 2374 497 2419 amorem
520 2353 569 2418 rei
589 2352 745 2439 publicae
767 2358 942 2439 corruptas
963 2353 1001 2417 in
1023 2351 1188 2419 adulatio-

78 2490 160 2535 nem
176 2489 292 2535 causas
315 2467 501 2534 tradidere:
526 2467 625 2534 nobis
644 2488 745 2554 super
767 2467 907 2533 insitam
925 2466 1100 2534 levitatem
1115 2519 1122 2532 .
1137 2518 1143 2533 .
1158 2517 1187 2533 ..

77 2583 306 2651 aemulatione
324 2580 534 2670 invidiaque,
556 2635 629 2650 ....
649 2582 849 2670 pervertisse
865 2583 980 2669 ipsum
996 2581 1188 2650 videntur.''

77 2700 206 2765 Parum
229 2697 393 2768 benevole
414 2698 519 2784 igitur
542 2698 680 2765 Tacitus
704 2698 745 2765 de
764 2698 816 2780 iis,
840 2698 899 2785 qui
919 2703 998 2764 ante
1016 2697 1131 2784 ipsum
1147 2697 1189 2762 de

77 2812 179 2879 annis
206 2814 259 2894 68,
280 2813 322 2878 69
345 2812 561 2898 scripserunt,
585 2812 715 2878 iudicat
737 2817 770 2878 et
793 2811 914 2878 collato
938 2809 1114 2877 notissimo
1137 2833 1190 2877 ca·

77 2928 149 3014 pite
171 2927 216 2993 H.
234 2928 261 2994 I.
280 2929 309 2994 1.
330 2933 472 3014 apparet
491 2949 570 2994 eum
585 2928 621 2993 id
638 2928 743 3014 egisse
759 2933 798 2994 ut
812 2927 943 3013 primus
963 2932 1039 3014 post
1057 2948 1187 3008 omnes,

78 3043 139 3129 qui
162 3042 281 3110 Flavia
298 3043 400 3109 domo
415 3048 578 3129 regnante
601 3047 776 3130 corruptas
793 3043 950 3109 historias
973 3041 1189 3129 conscripsis-

78 3161 163 3238 sent,
184 3157 257 3222 sine
279 3157 331 3224 ira
353 3163 386 3223 et
409 3158 531 3240 studi0,
557 3179 654 3239 ,rara
675 3164 871 3246 temporum
894 3157 927 3245 (i.
952 3179 979 3225 c.
1003 3157 1189 3244 imperium

78 3271 231 3360 Traiani)
250 3272 419 3355 felicitate,
439 3272 499 3339 ubi
519 3274 654 3356 sentire,
674 3296 761 3361 quae
780 3273 875 3355 velis,
892 3279 926 3339 et
949 3295 1034 3360 quae
1053 3273 1189 3354 sentias,

80 3386 191 3453 dicere
218 3386 328 3470 licet,’'
348 3409 433 3475 opus
453 3389 642 3472 conficeret,
662 3390 716 3456 oui
735 3389 839 3456 fidem
858 3388 985 3455 habere
1004 3393 1188 3476 possemus

79 3502 180 3581 Quod
200 3507 238 3568 ut
257 3502 411 3586 efficeret,
430 3503 584 3591 undique
603 3505 795 3571 testimonia
811 3504 1027 3592 conquisivit,
1043 3503 1191 3570 rationes

78 3639 263 3704 causasque
286 3640 401 3684 rerum
424 3620 592 3704 cognovit,
615 3620 664 3686 ita
685 3626 725 3687 ut
746 3641 883 3708 prorsus
905 3641 1035 3688 novum
1062 3617 1189 3684 librum

80 3733 260 3820 scripserit,
281 3734 423 3800 omnino
441 3756 512 3800 non
532 3735 675 3802 alicuius
693 3736 786 3802 unici
804 3735 908 3801 fontis
930 3756 1037 3800 manu
1057 3735 1188 3800 ductus.

81 3847 149 3916 Cur
164 3849 258 3915 enim
274 3849 490 3936 potissimum
507 3872 716 3938 quemquam
732 3850 871 3917 illorum
882 3856 1087 3938 sequeretur,
1106 3870 1190 3936 quos

78 4015 271 4026 uam-...—

117 4121 142 4189 1)
161 4121 200 4174 cf.
219 4138 277 4189 pgg.
297 4123 321 4175 7.
340 4104 387 4190 sqss,
408 4124 448 4174 11.
467 4139 505 4190 sq.

115 4217 142 4281 2)
161 4218 200 4271 cf.
220 4236 278 4286 pgg.
297 4219 322 4273 9.
341 4235 379 4286 sq.
