3038 5190
630 533 651 599 5

81 726 264 812 significari
287 729 385 811 putat
404 725 441 790 T.
463 725 508 789 H.
533 724 560 789 Ι.
585 723 638 789 41.
659 723 694 788 ΙΙ
719 723 778 790 37;
803 724 962 805 ,invenio
986 726 1078 813 apud
1102 748 1199 814 quos-

83 841 163 907 dam
186 841 371 908 auctores.''
396 839 457 906 101
485 839 684 925 ,scriptores
709 844 904 926 temporum
934 842 1018 920 etc.''
1043 841 1130 908 Plut.
1156 843 1196 910 G.

82 957 133 1022 14.
153 958 204 1022 19.
223 953 270 1035 ὥς
291 967 394 1035 φασιν
413 954 506 1016 ἔνιοι.
529 955 570 1021 27
595 953 643 1033 ὡς
664 955 697 1016 οἱ
712 951 860 1016 πλεῖστοι
880 953 1017 1036 λέγουσι
1031 961 1092 1022 etc.
1106 958 1196 1042 Ergo

82 1076 267 1157 utrumque
291 1070 417 1135 multos
437 1069 640 1155 eosdemque
663 1069 774 1134 fontes
796 1068 956 1135 habuisse
979 1076 1102 1136 censet.
1120 1071 1199 1137 Plu·

82 1185 193 1251 tarchi
215 1184 379 1250 formulas
404 1181 452 1263 ὥς
472 1195 584 1263 φασιν,
607 1182 655 1261 ὡς
675 1174 845 1264 λέγουσιν,
861 1184 1003 1250 omnino
1023 1174 1197 1250 111111111-

81 1304 195 1366 torum
218 1300 365 1366 fontium
389 1320 490 1364 usum
513 1296 657 1384 probare
680 1319 733 1363 res
755 1298 934 1364 notissima
957 1286 1014 1365 est.

126 1416 176 1481 De
193 1416 302 1480 Parni
318 1414 406 1480 libro
427 1413 576 1480 breviter
593 1433 692 1498 agere
709 1411 797 1494 licet,
815 1434 893 1478 cum
917 1414 1110 1480 Mommsen
1126 1415 1198 1480 eius

82 1529 286 1594 sententiam
316 1528 423 1593 111111
457 1526 654 1594 tractaverit
687 1531 720 1591 et
754 1527 952 1593 defenderit.
989 1528 1026 1593 L.
1064 1528 1085 1593 l.
1117 1551 1194 1615 pgg.

81 1644 212 1709 29-40
235 1642 353 1708 multis
384 1641 550 1728 exemplis
579 1662 741 1726 magnam
769 1641 973 1728 scriptorum
1004 1641 1197 1708 similitudi·

80 1780 171 1839 nem,
203 1779 290 1844 quae
313 1756 505 1823 communis
531 1756 635 1820 fontis
665 1755 742 1821 usui
770 1755 943 1838 debeatur,
975 1756 1195 1840 demonstrat,

80 1895 160 1939 cum
183 1872 427 1959 discrepantias
450 1871 623 1957 cuiusque,
647 1869 712 1936 sibi
737 1892 754 1936 e
777 1871 880 1953 fonte,
905 1892 992 1957 quae
1016 1877 1095 1959 apta
1118 1872 1196 1949 sint,

80 1986 236 2073 eligentis
257 1985 427 2052 scribendi
450 1985 566 2071 generi
581 1985 803 2072 imputandas
821 2006 891 2050 esse
911 1985 1092 2052 existimat.
1118 1986 1194 2052 clu-

78 2102 176 2170 vium
192 2102 322 2168 Rufum
341 2122 417 2188 pgg.
438 2102 481 2167 40
497 2122 569 2187 sqq.
587 2100 705 2181 Taciti,
726 2099 890 2181 Suetonii,
909 2100 1085 2167 Plutarchi
1104 2123 1193 2167 com·

79 2237 221 2282 munem
244 2221 346 2302 atque
361 2217 431 2280 fere
447 2215 588 2280 unicum
604 2215 711 2280 nostri
727 2215 858 2281 fontem
877 2214 980 2280 fuisse
999 2215 1155 2282 affirmat.
1169 2217 1196 2302 1)

124 2331 226 2398 Hanc
249 2330 447 2418 opinionem
472 2326 599 2397 evolvit
621 2330 802 2396 Mommsen
824 2329 861 2417 2),
879 2329 938 2416 qui
956 2334 1090 2416 praeter
1111 2335 1196 2396 tem-

79 2466 213 2532 porum,
238 2444 362 2532 quibus
385 2445 556 2511 Historiae
589 2449 622 2509 et
644 2445 743 2512 Vitae
770 2444 1001 2531 apparuerint,
1025 2445 1192 2511 rationem

79 2561 168 2648 (pgg.
202 2560 399 2647 295-298),
428 2559 471 2624 ad
503 2581 608 2645 quam
640 2564 757 2645 postea
786 2559 985 2641 redibimus,
1016 2560 1125 2626 Taciti
1160 2566 1193 2626 et

76 2674 252 2742 Plutarchi
275 2674 512 2740 narrationum
528 2674 819 2760 comparationem
837 2674 995 2755 instituit,
1012 2696 1117 2760 quam
1133 2696 1188 2760 pg.

77 2792 142 2858 306
165 2791 287 2877 cuique
309 2795 493 2877 utrumque
509 2810 552 2854 ex
569 2789 688 2854 eodem
703 2790 796 2855 fonte
815 2789 967 2855 hausisse
986 2788 1189 2875 persuadere

76 2910 254 2973 asseverat.
279 2904 507 2970 Communem
529 2902 629 2968 illum
651 2903 781 2969 fontem
805 2925 881 2989 pgg.
907 2902 1191 2969 306—318mu1-

75 3019 119 3085 tis
139 3019 214 3085 aliis
235 3018 455 3104 argumentis,
476 3038 656 3105 quorume
675 3038 818 3082 numero
838 3017 1013 3104 potissima
1032 3039 1092 3083 suo
1115 3017 1188 3084 loco

73 3139 278 3201 tractaturus
301 3154 387 3214 sum,
415 3131 565 3198 stabilire
589 3137 739 3198 conatur.
771 3133 886 3214 Porro,
911 3132 1007 3218 quasi
1037 3132 1187 3219 quaestio

73 3270 167 3314 nunc
190 3269 328 3335 prorsus
355 3246 464 3312 soluta
494 3247 537 3311 sit
566 3246 845 3333 contrariumque
876 3266 1067 3332 numquam
1099 3267 1187 3311 com-

72 3362 211 3450 probari
233 3362 349 3449 possit,
372 3383 426 3447 pg.
452 3362 516 3426 318
541 3361 623 3427 dicit
648 3361 736 3442 ,Der
758 3360 988 3446 gemeinsame
1012 3360 1186 3426 (1111111111-

72 3500 181 3544 mann
204 3478 262 3543 ist
285 3476 426 3544 Cluvius
449 3476 590 3542 Rufus.''
622 3474 785 3542 Attamen
817 3497 927 3540 unum
958 3474 1114 3544 omnium
1136 3496 1186 3541 ce·

71 3592 230 3679 teroquin
247 3591 481 3658 doctissimum
498 3590 764 3656 Mommsenium
780 3590 846 3656 hac
856 3590 894 3655 in
910 3611 946 3655 re
961 3611 1185 3676 praepropere

72 3707 241 3773 iudicasse
264 3705 456 3792 complures
478 3705 608 3771 affatim
639 3704 837 3770 docuerunt.
864 3704 964 3782 Quod
986 3709 1025 3769 ut
1047 3704 1185 3770 demon-

109 3916 135 3975 11
153 3914 247 3965 Postea
264 3913 348 3963 Peter.
371 3910 526 3963 Geschichtl.
546 3910 689 3963 Litteratur
708 3911 737 3962 II
754 3928 796 3978 pg.
817 3909 869 3964 275
891 3910 945 3976 (qui
965 3909 1030 3961 liber
1046 3907 1110 3959 mihi
1131 3925 1182 3959 non

70 4017 174 4080 praesto
191 4008 251 4076 fuit)
269 4007 391 4060 Nissenio
409 4024 526 4060 assensus
544 4015 589 4060 est.

107 4107 207 4172 21111.
227 4106 384 4158 Μο11111111.
404 4106 516 4158 Hermes
534 4106 575 4159 IV
595 4105 671 4159 1870.
690 4122 748 4172 pgg.
763 4103 911 4158 295-325.
931 4102 1064 4156 Cornelius
1078 4102 1183 4156 Tacitus

71 4203 125 4256 und
144 4203 252 4256 Cluvius
270 4203 360 4255 Rufus.
