3030 5190
663 1558 858 1566 -—-—-

236 1769 332 1836 Arte
354 1791 432 1836 cum
456 1767 654 1855 quaestione
677 1767 780 1832 modo
803 1771 945 1833 tractata
962 1766 1067 1833 altera
1084 1767 1252 1848 cohaeret,
1270 1789 1315 1832 sc:

192 1891 371 1975 quantum
395 1883 475 1949 fidei
492 1882 676 1949 Plutarcho
699 1880 923 1947 tribuendum
942 1882 994 1947 sit.
1014 1881 1205 1969 Apparebit
1224 1883 1319 1948 enim

196 2005 232 2069 in
270 1999 380 2065 multis
403 1998 487 2064 locis
515 1997 783 2084 interpretandis
806 2017 1013 2083 magnopere
1040 1997 1201 2063 interesse
1225 1997 1321 2063 Taci-

203 2125 290 2182 turn
304 2113 475 2180 Plutarchi
495 2118 669 2179 auctorem
692 2133 862 2199 ponamus
886 2133 993 2177 necne
1007 2112 1041 2199 1).
1063 2111 1174 2178 Lubet
1196 2117 1320 2196 toturn,

211 2231 304 2318 quod
323 2232 376 2298 hic
391 2233 571 2316 habemus,
590 2231 766 2298 Plutarchi
790 2252 875 2318 opus
898 2230 1114 2317 perlustrare,
1134 2236 1172 2296 ut
1190 2231 1322 2297 lectori·

214 2346 280 2410 bus
295 2347 435 2432 singulos
455 2347 616 2433 deinceps
635 2346 735 2427 locos,
755 2345 815 2412 nbi
831 2345 1005 2411 Plutarchi
1021 2345 1106 2411 fidos
1121 2346 1159 2411 in
1176 2345 1320 2412 dubium

218 2463 358 2528 vocanda
380 2463 548 2543 videatur,
580 2461 740 2528 indicem.
773 2460 887 2548 Atque
911 2482 1175 2548 nonnumquam
1206 2461 1249 2527 ad
1273 2462 1322 2528 vi·

222 2592 324 2640 rorum
342 2578 518 2643 doctorum
538 2576 643 2642 libros
659 2576 813 2661 delegare
829 2582 965 2643 tanturn
985 2577 1138 2658 sufficiet,
1156 2577 1321 2663 quoniam

225 2687 311 2754 nulti
331 2693 397 2758 iarn
421 2691 464 2757 de
484 2691 551 2756 fide
569 2692 720 2758 vitarum
744 2691 1000 2778 quaestionibus
1020 2714 1054 2757 se
1071 2691 1321 2778 applicuerunt.

226 2798 382 2873 Praeterea
402 2807 617 2873 monendum
638 2813 688 2872 cst
711 2828 765 2872 me
789 2828 913 2894 parvas
933 2807 1179 2894 discrepantias
1199 2808 1225 2884 2)
1250 2828 1320 2872 non

228 2932 336 3003 curare,
358 2923 415 2988 scd
433 2923 516 2988 eniti
539 2927 578 2988 ut
600 2923 643 2989 de
667 2923 830 3010 cuiusque
854 2946 874 2989 a
897 2924 1082 3005 Plutarcho
1105 2923 1250 2990 traditae
1273 2922 1321 2988 rci

228 3031 345 3103 ardino
373 3060 495 3105 verum
518 3038 686 3104 iudicium
709 3039 936 3124 acquiramus
968 3040 1106 3104 Praeter
1133 3037 1321 3103 nonnullos

231 3156 396 3177 'x—

256 3214 276 3272 ll
293 3219 323 3272 E.
340 3241 364 3274 c:
382 3223 506 3275 videntur
522 3223 591 3275 inter
608 3240 636 3274 se
655 3239 799 3290 repugnare
818 3224 849 3275 T.
869 3225 906 3275 H.
926 3225 948 3276 l.
970 3224 1010 3276 14.
1037 3241 1164 3291 „pauca
1189 3224 1322 3290 praefa-

233 3314 273 3360 tus
287 3314 318 3368 de
333 3336 375 3371 sua
388 3327 518 3372 senectute
532 3319 653 3372 Pisonem
668 3319 833 3371 Licinianum
846 3321 940 3372 arcessi
954 3321 1050 3373 iubet.”
1071 3329 1096 3372 et
1110 3320 1143 3371 G.
1159 3319 1201 3374 23.
1220 3316 1322 3386 μηδὲν

234 3413 369 3470 προειπὼν
385 3415 568 3484 μετεπέμψατο
593 3416 724 3468 Πείσωνα.
753 3416 804 3469 Sed
823 3434 850 3468 rc
870 3435 932 3469 vera
954 3417 1126 3484 discrepantia
1152 3435 1203 3469 non
1229 3426 1322 3481 exstat,

237 3517 280 3554 lam
295 3510 366 3578 μηδὲν
382 3512 523 3580 προειπών,
541 3520 689 3580 comparato
708 3513 806 3579 Tacit0,
822 3514 974 3566 vertendum
988 3523 1039 3567 cst:
1059 3515 1139 3567 Nullo
1153 3523 1229 3566 antea
1244 3513 1322 3566 verbo

238 3598 286 3653 lael)
302 3624 324 3660 se
340 3611 456 3664 Pisonem
475 3611 503 3662 in
521 3611 684 3678 adoptionem
703 3611 885 3664 arcessituram
904 3629 966 3664 esse.

264 3696 284 3764 ⁸2)
300 3703 367 3760 Velut
390 3709 423 3760 (i.
449 3707 494 3760 12:
520 3707 643 3776 ποτήριον
667 3708 805 3776 ἀργυροῦν,
831 3709 862 3760 T.
882 3709 918 3760 H.
938 3710 960 3761 Ι.
980 3711 1027 3762 48:
1053 3710 1178 3776 scyphum
1204 3727 1319 3761 aureum.

242 3788 265 3841 G·
279 3793 313 3851 20:
327 3803 425 3864 Ὁσάκις
443 3803 472 3858 δὲ
490 3803 534 3857 τὸν
551 3805 654 3874 Γάλβαν
672 3806 751 3858 εἱστία
770 3814 814 3872 (sc.
834 3806 932 3873 Otho),
952 3805 998 3873 τὴν
1015 3807 1266 3874 παραφυλάττουσαν
1283 3807 1323 3860 ἀεὶ

243 3898 322 3959 ⁰³⁶²le
335 3901 436 3965 ἐδέκαζε
453 3909 569 3971 χρυσοῦν
586 3901 688 3970 ἑκάστῳ
706 3903 844 3972 διανέμων,
863 3904 894 3955 Τ.
914 3905 951 3955 Η.
971 3906 985 3955 Ι
1003 3904 1045 3956 24.
1069 3905 1204 3956 »Maevius
1218 3905 1323 3958 Pudens

244 4010 267 4020 “
281 3997 379 4056 quotiens
397 4000 482 4051 Galba
500 3999 569 4066 apud
588 3999 719 4052 Othonem
737 4002 893 4068 epularetur,
907 4002 1004 4053 cohorti
1018 4000 1139 4053 excubias
1157 4003 1241 4068 agenti
1262 4003 1323 4054 viri-

245 4076 278 4131 llffl
296 4102 400 4148 centenos
424 4114 545 4149 nummos
569 4096 723 4150 divideret.’'
743 4098 774 4150 Ο.
794 4098 819 4151 8.
845 4098 940 4156 Ἄννιος
965 4097 994 4151 δὲ
1017 4098 1113 4156 Γάλλος
1128 4131 1161 4137 -
1175 4098 1322 4158 πεπτωκὼς

246 4171 281 4242 ἀν’
294 4183 365 4244 aaa.
383 4193 413 4245 r.
434 4193 470 4246 Η.
489 4194 519 4245 11
537 4194 579 4248 33.
600 4195 705 4260 ‚anna
723 4195 809 4262 earo,
824 4227 857 4233 -
872 4196 946 4263 rapsa
964 4196 1024 4264 equi
1042 4196 1174 4249 ποσιτιον
