3038 5190
605 541 647 605 29

67 734 131 800 bus
150 738 271 801 notum
290 732 525 815 Plutarchum,
549 753 651 819 quem
676 737 747 798 tarn
764 731 888 796 eximie
908 731 1135 800 Wachsmuth
1153 732 1178 818 1)

69 849 240 931 describit,
272 869 307 914 se
336 847 486 935 praebet,
517 847 604 913 alius
633 847 670 912 in
702 845 830 913 Galbae
861 851 894 912 et
927 845 1073 913 Othonis
1102 846 1183 915 vitis

68 963 292 1050 cognoscitur,
314 967 354 1028 ut
374 983 468 1028 nune
491 982 672 1048 exponam.

113 1079 250 1146 Tacitus
268 1077 448 1144 historiam
471 1098 532 1164 per
554 1076 705 1162 singulos
724 1097 833 1142 annos
856 1075 1031 1163 disposuit,
1048 1076 1181 1142 Plutar-

69 1195 157 1261 chus
187 1215 268 1263 vero
299 1214 360 1281 per
386 1192 609 1280 imperatores
639 1213 750 1279 neque
773 1197 890 1258 tamen
921 1212 1058 1279 prorsus
1094 1192 1183 1260 vitas

68 1308 307 1377 conscribendi
325 1307 456 1374 ratione
475 1306 602 1373 relicta.
620 1308 716 1373 Haec
736 1307 804 1372 fere
822 1306 948 1394 species
963 1306 1089 1372 laboris
1112 1307 1184 1372 eius

67 1446 137 1491 esse
160 1424 306 1492 videtur.
327 1422 532 1511 Deperditus
549 1422 637 1488 liber
662 1422 792 1504 „Nero”
816 1422 922 1488 finem
946 1421 1035 1509 cepit
1058 1422 1095 1486 in
1119 1422 1183 1487 Ne-

65 1540 159 1606 ronis
180 1544 304 1620 morte;
326 1537 368 1603 de
391 1537 604 1624 Nymphidio
624 1536 761 1618 Sabino,
786 1541 953 1624 quatenus
975 1537 1012 1602 id
1036 1537 1181 1602 Neronis

65 1655 157 1722 vitae
181 1652 416 1735 conveniebat,
440 1652 515 1718 iam,
535 1651 746 1717 mentionem
768 1652 848 1717 feeit
869 1657 907 1717 ut
930 1652 1002 1738 ipse
1027 1651 1109 1717 dicit
1140 1652 1180 1718 G.

67 1771 101 1836 2.
127 1768 241 1849 ὥσπερ
262 1769 397 1849 εἴρηται.
421 1757 527 1833 Haud
551 1766 654 1832 dubie
677 1766 780 1832 etiam
803 1765 961 1833 Vindicis
985 1764 1182 1852 Galbaeque

66 1889 186 1971 coepta
208 1882 340 1971 (causae
357 1881 451 1948 enim
466 1881 611 1947 Neronis
625 1881 784 1946 interitus
799 1881 907 1969 erant)
927 1880 1076 1949 breviter
1094 1886 1182 1948 trac·

65 1998 154 2066 tavit
183 2003 296 2085 atque,
325 2002 365 2064 ut
399 1996 438 2063 Ο.
472 1998 523 2063 18.
554 1994 596 2057 τὰ
619 1994 685 2076 μὲν
706 1990 767 2058 οὖν
796 1994 885 2057 ἀλλα
912 1994 1030 2077 καιρὸν
1058 1997 1181 2058 οἰκεῖον

66 2112 137 2194 ἔχει
158 2111 322 2195 λεχθῆναι
348 2133 411 2179 nos
441 2112 486 2179 ad
509 2116 708 2198 sequentem
736 2111 867 2180 Vitellii
896 2103 1006 2179 vitam
1038 2111 1180 2198 delegat,

65 2228 283 2310 etiam-eum
308 2228 346 2293 in
369 2227 437 2294 fine
460 2227 604 2293 Neronis
626 2227 717 2295 vitae
739 2247 803 2309 res,
833 2226 1012 2292 historiam
1035 2226 1181 2292 Neronis

66 2347 100 2408 et
124 2341 252 2409 Galbae
278 2364 348 2409 una
379 2342 593 2429 attingentes,
625 2346 846 2423 memoraret,
870 2341 973 2407 talem
997 2342 1180 2407 formulam

66 2456 273 2524 adhibuerit.
290 2456 423 2523 Deinde
445 2456 490 2523 ad
509 2476 572 2538 ree,
596 2478 694 2543 quae,
717 2477 776 2521 seu
799 2461 888 2537 ante,
905 2477 964 2522 seu
986 2462 1063 2543 post
1079 2458 1181 2523 Nero·

67 2573 123 2638 nis
137 2577 282 2638 mortem
298 2576 420 2659 gestae,
437 2570 584 2638 Galbam
595 2571 690 2639 velut
705 2571 741 2636 in
758 2592 915 2637 scaenam
933 2562 1181 2658 produxerunt,

66 2687 197 2753 accedit
219 2687 390 2774 igiturque
413 2708 523 2755 novus
541 2684 638 2768 liber,
662 2686 717 2752 cui
742 2685 853 2752 Galba
876 2685 1083 2768 inscribitur,
1098 2686 1182 2752 iuci-

66 2803 128 2888 pit.
146 2802 394 2868 Praefationem
416 2801 605 2890 praemittit
621 2802 693 2889 (qui
715 2823 789 2867 mos
813 2802 844 2867 ei
874 2823 944 2867 non
959 2801 1092 2868 alienus
1108 2800 1179 2889 est),

67 2939 136 3005 quo
151 2923 228 3005 post
241 2918 373 3005 aliquot
386 2917 531 2984 morales
545 2917 783 2984 meditationes
798 2917 972 2984 licentiam
995 2916 1063 2983 alia
1086 2939 1183 3005 prae·

66 3032 290 3114 termittendi,
306 3032 374 3099 alia
391 3032 499 3098 fusius
510 3032 679 3099 tractandi
691 3031 756 3098 sibi
768 3031 940 3119 praeripit.
955 3031 994 3099 G.
1009 3033 1038 3098 2.
1056 3029 1103 3094 Τὰ
1114 3031 1180 3109 μὲν

68 3141 129 3208 οὖν
156 3145 232 3208 καθ’
256 3147 383 3210 ἕκαστα
400 3155 470 3210 τῶν
487 3148 685 3229 γενομένων
712 3145 935 3229 ἀπαγγέλλειν
954 3146 1099 3229 ἀκριβῶς
1120 3155 1180 3227 τῆς

70 3270 298 3344 πραγματικῆς
324 3263 472 3343 ἱστορίας
499 3261 599 3336 ἐστίν,
629 3261 693 3324 ὅσα
717 3260 756 3323 dt
782 3260 860 3342 ἀξια
886 3260 992 3343 λόγον
1018 3272 1088 3340 τοις
1111 3269 1180 3350 των

71 3375 259 3457 Καισάρων
280 3376 396 3459 ἔργοις
419 3377 473 3439 καὶ
495 3375 615 3439 πάθεσι
638 3376 886 3455 συμπέπτωκεν,
908 3373 989 3438 οὐδὲ
1008 3376 1082 3455 ἐμοὶ
1102 3394 1180 3457 προ-

71 3491 165 3576 oque
185 3477 380 3572 παρελθεῖν
397 3492 477 3579 Gap.
501 3494 531 3558 3.
556 3491 684 3558 Galbae
707 3491 813 3559 vitam
839 3496 918 3558 ante
941 3482 1020 3557 eum
1034 3491 1180 3578 impera-

68 3631 165 3677 orem
186 3610 437 3678 consalutatum
455 3611 604 3680 breviter
623 3616 755 3693 tractat,
776 3633 843 3698 quo
857 3612 946 3678 facto
966 3610 1105 3677 uberius
1128 3632 1181 3676 res

67 3759 237 3895 -l-l-Cb-R}
248 3831 449 3885 Wacnsmurn.
464 3831 616 3898 Einleitnng
628 3831 656 3883 in
670 3831 716 3883 dos
730 3830 851 3884 Studium
865 3830 911 3882 der
924 3831 1003 3882 Alten
1018 3829 1180 3884 Geschiohte.

69 3927 177 3996 Leipzig
195 3928 271 3983 1895.
290 3947 348 3996 pgg.
367 3928 428 3995 218,
447 3927 507 3982 219.
527 3929 668 3995 „Plutarch
684 3929 719 3980 ist
736 3928 820 3981 weder
838 3926 879 3979 ein
894 3927 1035 3995 Philosoph
1053 3927 1100 3980 der
1113 3930 1180 3981 nach

69 4024 242 4076 Erkenntniss
255 4025 301 4077 der
314 4025 450 4079 Wahrheit
463 4025 540 4093 ringt,
554 4025 620 4078 noch
638 4025 680 4077 ein
694 4025 850 4090 Historilrer,
864 4023 915 4076 den
928 4023 970 4075 die
983 4025 1180 4091 geschichtliche

70 4121 222 4188 Forsohung
239 4120 316 4173 selbot
334 4121 449 4173 anzieht:
468 4138 496 4173 er
514 4121 623 4174 wandelt
640 4121 722 4174 durch
735 4121 778 4173 die
791 4121 888 4171 Hellen
901 4120 947 4172 der
961 4119 1114 4174 Geschichte
1127 4123 1179 4173 und

70 4217 117 4268 der
135 4216 301 4285 Philosophie
318 4218 356 4269 als
374 4217 416 4270 ein
433 4218 597 4284 geietreioher
614 4218 753 4271 Dillettant
771 4217 835 4268 eto.’'
