3038 5190
467 523 470 528 ’
597 541 659 606 101

115 736 263 802 Pravum
288 754 413 799 nomen
438 733 542 798 etiam
563 733 718 799 invenies
738 732 777 799 Ο.
803 734 854 798 18.
956 787 960 799 .
1036 799 1039 804 .

111 847 364 928 Πολλίωνος
385 856 445 910 τοῦ
465 845 585 927 ἑτέρου
606 855 675 910 τῶν
696 847 862 931 ἐπάρχων,
894 847 954 914 ubi
977 846 1096 935 procul
1123 847 1183 913 du·

70 965 128 1032 bio
151 963 349 1030 Πλωτίου
369 968 553 1056 legendum
566 973 625 1050 est,
637 972 676 1034 ut
688 966 824 1034 Orasor
834 966 860 1053 1)
880 965 1012 1052 primus
1023 962 1180 1030 ostendit.

110 1206 159 1274 ὡς
180 1192 219 1257 dd
239 1194 299 1258 τὸν
320 1193 706 1278 ἉλέξανδρονὍμηρος
733 1191 867 1274 Ἑλένης
887 1190 984 1254 πόσιν
1010 1188 1179 1272 ἠϋκόμοιο,

65 1307 175 1391 μηθὲν
195 1310 319 1393 ἔχοντα
339 1309 423 1392 πρὸς
444 1309 549 1391 ὁόξαν
570 1308 656 1372 ἀλλο
670 1308 847 1388 σεμνύνων
861 1305 925 1369 ἀπὸ
939 1315 1000 1388 τῆς
1010 1304 1179 1387 γυναικός,

67 1423 227 1504 ὀνομάζει
240 1424 409 1505 πολλάιας,
425 1425 528 1488 οὕτω
530 1444 552 1505 ς
557 1424 713 1506 γεγονὼς
722 1421 920 1504 περιβόητος
931 1421 987 1508 (sc.
1001 1420 1105 1508 Otho)
1117 1426 1179 1487 etc.

63 1581 66 1586 -
111 1535 323 1602 Bernadakis
335 1536 487 1622 requirit:
505 1540 613 1602 οὕτω
633 1526 728 1633 <aot
748 1524 906 1630 οὗτος>,
931 1555 999 1619 qua
1014 1532 1183 1599 coniectu·

66 1668 115 1728 ra,
136 1651 375 1733 praeterquam
395 1647 486 1733 quod
509 1667 646 1734 prorsus
670 1667 880 1733 supervacua
900 1650 959 1727 est,
983 1645 1088 1711 etiam
1107 1664 1180 1710 sen-

64 1787 123 1833 sus
153 1765 283 1833 turbari
315 1766 402 1831 mihi
429 1766 574 1834 videtur.
599 1767 855 1832 Enumerantur
882 1765 975 1832 enim
998 1786 1018 1830 a
1043 1764 1176 1830 Plutar-

64 1883 131 1949 cho
152 1883 298 1951 Othonis
316 1904 442 1949 mores:
467 1875 533 1944 Ήν
555 1922 589 1930 -
607 1879 715 1946 Ὀθων
732 1881 818 1963 ἀνὴρ
829 1881 923 1963 γένει
933 1880 999 1959 μὲν
1013 1880 1074 1942 οὐκ
1090 1880 1178 1961 ἁφα-

64 1997 136 2078 νής,
157 1999 267 2079 τρυφῇ
289 1995 372 2061 dt-
386 1995 642 2078 (διεφθαρμένος,
664 1996 792 2076 οὕτως
809 1994 968 2078 γεγονὼς
981 1993 1179 2076 περιβόητος

64 2150 109 2160 -
131 2111 180 2192 ὡς
193 2111 261 2174 κτὲ.

103 2322 159 2384 καί
185 2320 254 2402 γὰρ
280 2319 474 2385 ἀποκλεῖσαι
494 2321 676 2411 (Poppaea)
700 2319 761 2385 τὸν
789 2319 936 2401 Νέρωνα
963 2317 1106 2395 λέγεται,
1133 2321 1180 2402 μὴ

63 2434 271 2516 παρόντος
291 2445 352 2499 τοῦ
373 2434 531 2518 Ὀθωνος.

61 2558 64 2563 “
110 2551 246 2617 Monuit
276 2573 332 2618 me
359 2574 429 2620 van
453 2552 667 2619 Herwerden
690 2551 737 2632 μὴ
758 2551 970 2632 παρέντος
1002 2552 1183 2619 restituen-

64 2666 150 2732 dum
181 2688 266 2749 esse,
298 2686 376 2734 oum
408 2667 499 2734 Otho
529 2668 701 2734 Neronem
734 2669 779 2735 ad
813 2670 1010 2754 Poppaeam
1039 2668 1177 2735 admitti

62 2780 179 2847 nollet.
204 2782 304 2860 Quod
327 2783 416 2848 Nero
448 2804 546 2869 aegre
569 2782 660 2866 tulit;
685 2782 920 2846 ἐκινδύνευσεν
941 2769 1001 2844 οὖν
1026 2782 1045 2845 ὁ
1067 2781 1176 2848 Ὄθων

61 2897 258 2993 ἀποθανεῖν.
280 2900 393 2988 Atque
409 2901 644 2969 Herwerdenii
660 2903 935 2972 emendationem
951 2891 1008 2973 vel
1022 2907 1174 2974 maxime

60 3019 217 3105 sequenti
246 3019 399 3086 Suetonii
420 3021 495 3087 loco
517 3020 732 3108 comprobari
754 3005 886 3090 inveni:
906 3024 988 3093 Vita
1016 3023 1171 3092 Othonis.

61 3155 89 3198 c.
114 3135 134 3199 3
160 3134 339 3215 „Creditur
359 3138 416 3223 (sc.
446 3136 550 3223 Otho)
573 3137 749 3223 —ipsum
776 3138 832 3226 (so.
861 3140 1045 3225 Neronem)
1068 3140 1172 3207 etiam

59 3248 244 3316 exclusisse
266 3272 328 3337 pro
350 3249 480 3317 foribus
502 3257 671 3318 astantem
693 3254 777 3320 etc.''

106 3460 203 3541 Cap.
225 3463 289 3529 20.
777 3523 779 3527 .

60 3661 63 3667 Ι
100 3573 295 3659 ἐξεπέμφθη
321 3575 520 3640 Λυσιτανῶν
553 3579 741 3662 στρατηγὸς
766 3580 832 3644 ἐπὶ
860 3580 933 3644 τόν
964 3581 1169 3646 Ὠκεανόν.

105 3691 192 3757 Mire
218 3690 283 3758 hoc
303 3693 356 3754 ἐπὶ
376 3692 436 3755 τὸν
457 3692 614 3757 Ὠκεανόν
637 3695 777 3783 reliquis
807 3697 977 3764 adhaeret.
1010 3698 1169 3786 Suspicor

57 3804 333 3872 additamentum
356 3828 426 3874 esse
448 3807 700 3896 interpolatoris
730 3811 925 3878 adnotantis
955 3812 1168 3880 Lusitaniam

57 3941 129 3986 esse
153 3941 229 3993 eam
251 3921 441 4017 Hispaniae
457 3930 601 4010 partem,
618 3947 706 4012 quae
722 3926 767 3993 ad
783 3925 959 3994 Oceanum
971 3933 1097 4014 vergat.

95 4222 121 4287 1)
140 4221 157 4272 1.
175 4221 192 4273 l.
212 4239 270 4293 pgg.
291 4224 332 4288 11,
353 4222 393 4277 12.
