3038 5190
730 527 772 592 70

192 726 296 792 etiam
319 721 445 810 populo
468 721 509 786 R.
534 720 736 807 deposcente
760 719 966 806 supplicium
988 719 1106 786 Haloti
1131 726 1169 786 et
1198 717 1315 806 Tigel-

191 839 255 905 lini
277 834 531 903 —incolumes
554 835 753 922 praestitit.''
784 853 788 861 ’
990 909 993 914 ,

236 953 356 1019 Dionis
364 951 469 1020 verba
480 950 593 1038 potius
604 951 710 1038 ipsius
721 950 867 1016 auctoris
879 950 1105 1037 suspicionem
1114 951 1313 1032 continent,

192 1071 281 1135 inter
299 1074 487 1135 ceterorum
505 1066 717 1132 narrationes
732 1065 883 1152 aliquam
903 1065 1103 1132 relationem
1122 1065 1312 1152 perspicio

193 1183 306 1270 Atque
329 1183 378 1248 ita
396 1183 465 1247 fere
483 1203 536 1246 res
558 1203 592 1247 se
615 1180 773 1247 habuisse
795 1179 940 1247 videtur.
964 1179 1120 1245 Primum
1136 1202 1313 1247 memores

193 1299 299 1365 simus
316 1295 539 1363 Plutarchum
556 1296 595 1362 G.
621 1295 672 1363 17.
696 1273 829 1361 tradere
846 1294 942 1359 Vinii
957 1293 1065 1361 filiam
1084 1316 1105 1360 a
1124 1293 1312 1380 Tigellin0,

194 1419 438 1501 postaversum
453 1411 590 1479 aVinio
606 1409 763 1498 supplicii
778 1408 979 1496 periculum,
999 1409 1099 1472 πέντε
1124 1411 1182 1471 καὶ
1202 1411 1312 1472 εἰκοσι

191 1524 357 1608 μυριάδας
370 1526 530 1607 ἀργυρίων
550 1525 572 1592 i.
597 1547 625 1591 e.
650 1525 759 1591 decies
782 1525 932 1591 sestertia
954 1524 1043 1590 dono
1062 1526 1246 1612 accepisse,
1272 1526 1310 1592 G.

194 1647 246 1710 21.
271 1642 348 1709 Tac.
369 1641 415 1707 H.
435 1641 462 1707 Ι.
480 1643 531 1708 13.
555 1641 699 1709 Vinium
720 1640 848 1707 Othoni
870 1641 993 1707 favisse
1003 1640 1055 1702 ἐπὶ
1060 1639 1162 1720 γάμῳ
1176 1649 1241 1722 τῆς
1255 1639 1311 1702 do·

190 1756 328 1839 yarpdg.
356 1757 460 1822 Porro
479 1756 667 1842 Tigellinus
682 1756 820 1842 eiusque
840 1755 990 1842 proximi
1009 1737 1183 1822 Othonem
1203 1755 1244 1820 in
1261 1778 1310 1822 ra-

195 1873 322 1960 piendo
341 1870 485 1957 imperio
505 1869 720 1951 adiuverunt,
743 1870 783 1936 cf.
808 1871 845 1936 P.
870 1870 910 1936 G.
935 1871 987 1936 23.
1010 1867 1160 1932 πλεῖστοι
1176 1867 1218 1930 ὁὲ
1240 1877 1308 1932 τῶν

195 1988 269 2067 περὶ
293 1982 485 2067 Ἠγελλῑνον
510 1981 766 2065 -ἐφθείροντο
792 1982 877 2064 πρὸς
902 1982 1005 2046 αὐτὸν
1026 1984 1082 2069 (sc,
1108 1984 1308 2073 Othonem.)

194 2103 249 2164 aot
272 2098 550 2181 συνηγανάκτουν
570 2099 625 2160 καὶ
644 2097 853 2179 παρώξυνον.
880 2101 957 2166 Τοο.
989 2100 1034 2165 H.
1066 2099 1093 2165 I.
1126 2100 1179 2166 24.
1213 2101 1308 2182 „Fla-

193 2214 371 2302 grantibus
390 2214 460 2280 iam
480 2213 632 2280 militum
651 2213 776 2280 animis
795 2215 889 2282 velut
906 2216 995 2281 faces
1014 2214 1195 2282 addiderat
1220 2217 1308 2282 Mae-

194 2330 271 2398 vius
293 2329 439 2411 Pudens,
464 2351 481 2394 e
504 2328 669 2415 proximis
692 2328 883 2415 Tigellini.''
907 2331 1001 2409 Quae
1021 2330 1138 2396 omnia
1157 2352 1307 2418 compre·

196 2444 353 2512 hendens
382 2444 467 2510 haec
496 2442 616 2510 habeo,
647 2443 844 2530 Tigellinus
878 2451 997 2532 paetus
1027 2467 1107 2512 cum
1138 2446 1245 2514 Vinio
1270 2451 1307 2527 ut

197 2561 354 2627 defensus
373 2558 466 2645 apud
487 2557 634 2624 Galbam
652 2558 741 2625 filiae
761 2559 890 2626 donum
910 2560 1015 2642 daret,
1039 2559 1249 2647 supplicium
1265 2561 1305 2626 ef·

197 2675 284 2760 fugit
305 2673 457 2760 potentia
484 2673 589 2754 Vinii,
618 2675 846 2760 praetexentis
871 2674 980 2741 filiam
1002 2697 1022 2740 a
1045 2675 1216 2761 Tigellino
1244 2697 1302 2741 ser·

196 2795 312 2858 vatam
336 2811 415 2855 esse.
439 2789 519 2856 Voti
542 2811 690 2876 compos
714 2790 854 2871 donum,
877 2790 969 2877 quod
991 2791 1130 2858 fortasse
1151 2790 1213 2856 dos
1237 2810 1300 2854 ma·

197 2904 357 2971 trimonio
381 2925 460 2969 cum
490 2902 625 2970 Othone
655 2904 899 2988 destinabatur,
923 2906 1019 2974 Vinii
1040 2905 1132 2971 filiae
1156 2905 1225 2971 dat.
1248 2903 1300 2971 Vi·

198 3021 285 3102 nius,
302 3019 468 3111 adductus
487 3041 546 3106 spe
565 3020 714 3106 coniugii
731 3020 822 3087 filiae
842 3042 920 3087 oum
940 3021 1086 3102 Othone,
1106 3020 1297 3107 Tigellinus,

197 3141 236 3202 ut
254 3136 444 3223 potentiam
462 3137 622 3203 amissam
640 3137 852 3223 reciperarat,
872 3143 1007 3218 strenue
1024 3137 1198 3204 Othonem
1214 3136 1299 3204 adiu·

197 3256 290 3318 vant.
326 3248 361 3315 ei
383 3249 431 3315 ita
461 3270 534 3315 rem
563 3271 598 3315 se
628 3249 786 3316 habuisse
816 3251 986 3338 ponimus
1014 3250 1236 3317 manifestum
1258 3253 1299 3316 est

200 3386 303 3453 quare
334 3364 424 3431 Otho
453 3364 639 3452 imperator
666 3367 773 3433 factus
802 3367 945 3434 Vinium
969 3372 1002 3432 et
1018 3366 1236 3452 Tigellinum
1257 3367 1298 3431 in·

197 3480 304 3547 terfici
334 3479 476 3546 iusserit.
512 3481 641 3547 Eorum
664 3482 755 3548 enim
785 3483 895 3568 gratia
917 3504 957 3549 ac
978 3481 1107 3550 auxilio
1134 3480 1297 3570 imprimis

199 3595 382 3682 imperium
405 3596 557 3684 adeptus,
580 3619 714 3665 necesse
738 3604 808 3666 erat
827 3599 922 3666 Vinii
941 3599 1049 3691 filiam
1071 3599 1109 3664 in
1131 3600 1296 3666 matrimo-

199 3711 296 3778 nium
321 3711 466 3794 duceret,
490 3712 633 3780 Vinium
658 3721 690 3781 et
712 3713 920 3801 Tigellinum
943 3737 1069 3801 magua
1091 3714 1296 3803 potentiain-

199 3831 351 3908 strueret,
382 3827 509 3914 quippe
533 3828 592 3915 qui
619 3850 751 3917 semper
778 3830 963 3917 imperium
984 3832 1026 3898 iis
1049 3837 1229 3918 acceptum
1250 3850 1295 3896 re-

199 3942 285 4009 ferre
313 3941 458 4009 deberet.
486 3943 606 4030 Itaque
639 3945 723 4012 haee
754 3968 833 4013 suae
862 3947 1028 4014 libertatis
1058 3948 1295 4034 impedimenta

198 4058 337 4141 amovit,
362 4058 452 4145 quod
477 4080 515 4126 eo
539 4059 670 4128 facilius
694 4067 888 4148 perpetrare
908 4064 1028 4150 potuit,
1053 4084 1132 4130 eum
1148 4064 1215 4130 hoc
1229 4059 1302 4130 faci-

199 4194 279 4242 nore
303 4172 421 4262 populi
444 4174 596 4245 favorem
619 4176 721 4243 simul
743 4177 808 4244 sibi
831 4179 1036 4246 conciliaret.
