3038 5190
722 520 765 585 96

191 709 260 775 illis
283 711 429 778 evocatis
451 711 645 799 praefuisse.
678 709 848 776 Confiteor
871 710 956 776 mire
981 718 1230 791 στρατιωτικοῦ
1252 711 1304 776 ad-

194 825 303 891 ditum
320 847 399 907 esse,
423 847 501 891 oum
521 824 656 891 nullum
680 846 751 890 non
774 824 883 906 τάγμα
904 824 1149 905 στρατιωτικόν
1173 826 1228 907 sit,
1252 825 1304 891 sed

191 940 330 1006 fortasse
348 939 524 1006 Plutarchi
540 939 687 1006 ubertati
706 939 906 1007 elocutionis
922 940 987 1006 hoo
1002 940 1171 1027 imputari
1188 946 1303 1026 potest.

191 1054 226 1121 si
251 1062 365 1121 tamen
392 1056 440 1120 ita
463 1054 658 1120 existimare
686 1054 857 1137 nolumuS,
881 1055 1012 1142 aliquid
1036 1055 1162 1120 melius
1187 1076 1305 1142 propo·

192 1170 346 1235 nendum
361 1169 487 1236 habere
504 1170 590 1235 mihi
606 1170 734 1238 videor.
750 1170 917 1236 Novimus
932 1171 1077 1239 Vinium
1094 1169 1252 1256 legatum
1263 1169 1304 1235 le·

193 1285 303 1370 gionis
316 1286 365 1353 VI
383 1285 541 1353 Viotriois
553 1286 578 1372 1)
594 1285 705 1351 fuisse.
723 1284 823 1364 Quod
839 1286 1011 1372 reputanti
1028 1285 1117 1351 mihi
1133 1285 1305 1373 perplacet

193 1399 353 1466 seribere:
374 1400 658 1479 στρατονίκου
679 1400 700 1465 i.
725 1421 752 1466 e.
776 1399 935 1466 victricis.
953 1399 984 1465 A
1001 1399 1191 1466 Plutarcho
1216 1400 1304 1466 enirn

192 1515 286 1582 haud
308 1515 460 1582 alienum
483 1521 533 1581 est
556 1514 731 1601 legionum
750 1515 954 1601 cognomina
977 1537 1180 1597 memorare,
1205 1523 1244 1582 ut
1267 1515 1302 1581 Ο.

194 1632 235 1696 12
258 1628 391 1710 Ἅρπαξ,
415 1632 536 1718 Rapax
561 1636 594 1696 et
616 1628 762 1712 Βοηάάς,
786 1630 948 1697 Adiutrix
972 1630 1209 1696 nominantur.

237 1805 366 1887 Οὐίνιος
441 1806 569 1888 αὐτὸς
598 1805 689 1871 εἶπεν
720 1801 774 1888 „³9
804 1806 928 1887 Γάλβα,
959 1808 1032 1869 τίνα
1067 1807 1197 1887 τρόπον
1232 1807 1303 1888 βου-

193 1921 372 1999 λεύεσάε,·”

237 2038 339 2104 Multi
358 2038 442 2103 haeo
458 2036 562 2104 verba
578 2042 762 2104 tentarunt.
786 2037 935 2104 Sintenis
950 2059 1012 2124 pro
1033 2035 1154 2116 aoros:
1176 2038 1302 2117 αὐτοῖς,

193 2153 365 2219 Doehner:
394 2150 505 2232 εὐθὺς.
537 2152 668 2234 Gerasa,
692 2152 859 2235 Sohaefer,
886 2152 1008 2239 Hardy
1031 2154 1119 2219 coni.
1142 2151 1302 2233 „Adrdg”‚

193 2264 293 2341 εἶπεν,
309 2263 357 2345 „ab
371 2264 486 2346 Γάλβα
500 2285 528 2327 τ.
548 2285 597 2346 τρ.
611 2265 792 2349 βουλπάη;”
809 2268 980 2355 Equidem
991 2289 1162 2354 propono:
1186 2268 1302 2348 αὐτῷ,

194 2383 248 2448 Sic
272 2383 387 2448 omnia
410 2389 499 2448 reete
522 2404 556 2448 se
581 2381 718 2448 habent.
744 2383 863 2448 Verte:
887 2381 989 2469 „quid
1012 2387 1049 2447 tu
1074 2404 1155 2447 oum
1178 2382 1301 2477 ceteris,

194 2498 253 2583 qui
272 2496 337 2563 sibi
360 2497 504 2563 suadent
522 2501 560 2562 ut
576 2497 771 2582 opperiaris
788 2495 955 2562 deliberas
963 2497 999 2561 ?''

241 2675 338 2755 Gap.
361 2677 395 2741 5.
1255 2703 1259 2721 2

241 2785 288 2851 oo
305 2787 373 2869 μην
394 2786 482 2849 ἀλλά
503 2786 691 2874 συγκλήτου
712 2788 950 2870 ψηφισαμένης
969 2786 1129 2867 πολέμιον
1147 2786 1209 2851 τὸν
1224 2786 1301 2849 Γάλ-

195 2902 261 2984 βαν
282 2901 384 2982 αὐτάς
404 2922 449 2964 τε
468 2903 595 2980 παίζειν
619 2942 651 2950 -
673 2901 882 2983 βουλόμενος
897 2938 935 2992 -Ι
949 2902 1015 2984 ἔφη
1036 2908 1097 2969 eto.
1139 2912 1142 2917 '

240 3018 330 3096 Quid
343 3016 407 3083 sibi
423 3017 499 3084 vult
511 3029 572 3088 rs?
589 3019 694 3104 Lege:
704 3036 763 3098 γε.
789 3013 837 3079 Οὐ
853 3017 921 3099 μὴν
942 3015 1030 3078 άλλά
1046 3055 1081 3064 -ω
1099 3035 1154 3097 γε,
1166 3018 1302 3099 interos·

197 3132 297 3198 dente
313 3153 392 3213 uno,
408 3153 671 3218 nonnumquam
687 3130 843 3218 pluribus
866 3130 1050 3213 vocabulis
1068 3131 1234 3218 (Demetr.
1255 3134 1302 3212 40,

197 3247 294 3313 Alerr.
305 3247 357 3329 75,
368 3246 467 3312 Otho.
477 3246 521 3332 5.)
533 3246 650 3312 multis
662 3246 754 3332 apud
765 3246 990 3312 Plutarchum
1002 3245 1085 3312 locis
1093 3248 1271 3333 reperitur.
1279 3246 1302 3332 2)

196 3364 317 3448 Nostro
333 3361 407 3428 looo
426 3360 530 3429 verba
546 3359 734 3443 συγκλήτου
751 3400 783 3408 -
801 3358 936 3443 Γάλβαν
952 3361 1082 3426 suntin
1098 3361 1303 3447 parenthesi.

241 3522 328 3587 Cum
347 3524 482 3586 senatus
506 3517 651 3584 Galbam
670 3518 802 3583 hostem
821 3518 1011 3600 iudicasset,
1035 3518 1074 3579 οὐ
1089 3517 1226 3600 φαύλην
1242 3497 1303 3600 ἔφη

197 3637 257 3720 (soz
286 3635 388 3721 Nero)
420 3632 602 3713 πρόρρησιν,
620 3632 872 3711 ἐμπεπτωκέναι
885 3631 1046 3713 λογισμοῦ
1061 3630 1216 3714 ὁεομένῳ
1227 3653 1305 3715 χρη-

195 3752 313 3831 μάτων
334 3749 434 3828 αὐτῷ.
728 3728 731 3736 Ι
871 3772 878 3782 ,.
1100 3760 1104 3771 ’
1162 3775 1164 3778 <
1259 3748 1272 3782 ·³

234 3913 259 3978 1)
278 3910 316 3962 Cf.
336 3908 406 3961 Suet.
426 3908 459 3961 G.
480 3909 520 3961 14.
540 3909 581 3961 W.
601 3909 754 3982 Prrrznnn.
774 3907 927 3959 Gesohiohte
944 3881 990 3959 dei·
1003 3907 1159 3959 Rtmisohen
1178 3908 1307 3961 Kaiserle

197 4009 290 4073 gionen
308 4015 359 4060 von
377 4008 510 4072 Augustus
528 4006 567 4056 bis
585 4005 743 4057 Hadrianus.
763 4005 876 4072 Leipzig.
897 4003 973 4057 1881.
993 4021 1050 4071 pgg.
1070 4004 1112 4057 45.
1132 4003 1194 4058 239.
1302 4002 1304 4009 ’

232 4104 259 4168 2)
278 4104 316 4156 Cf.
336 4104 370 4155 Κ.
384 4103 552 4154 Srnonsnn.
568 4102 655 4154 Ueber
667 4102 717 4154 den
732 4100 869 4153 Gebrauoh
883 4100 929 4152 der
942 4101 1105 4167 Negationen
1119 4101 1161 4153 bei
1174 4102 1308 4154 Plutarch.

198 4202 287 4268 Progr.
307 4199 504 4252 Geestemiinde.
525 4198 601 4255 188‘2.
621 4217 662 4266 pg.
681 4198 723 4252 ⁴27.
744 4200 821 4250 Anm.
841 4197 865 4250 2.
