3038 5190
728 513 770 576 86

193 732 258 797 que
277 710 440 775 idoneum
469 705 551 771 huic
576 704 625 770 rei
648 703 762 769 locum
785 701 923 789 petendi
953 700 1162 782 omiserunt,
1191 705 1290 766 contra

193 824 338 892 Othonis
359 824 451 888 iussu
475 821 531 888 via
557 825 647 886 recta
670 819 875 886 Cremonam
898 817 943 883 ad
970 816 1208 903 pugnandum
1232 837 1292 902 pro·

193 940 271 1006 fecti
295 944 383 1021 sunt,
404 936 495 1025 quod
515 937 589 1018 iter,
608 941 647 1001 ut
663 935 843 1021 diligenter
860 932 1075 1020 computavit
1091 914 1293 1010 Plutarchus,

193 1056 261 1120 sere
285 1054 349 1120 100
369 1051 556 1118 stadiorum
587 1055 668 1116 erat.
704 1049 804 1128 Quod
828 1048 872 1115 ad
895 1068 1070 1113 summam
1102 1045 1294 1114 narrationis

194 1169 325 1249 attinet,
344 1168 381 1232 in
405 1188 529 1233 unare
552 1187 573 1231 a
595 1165 711 1231 Tacito
730 1163 934 1231 Plutarchus
953 1162 1079 1229 differt.
1105 1161 1199 1228 Cum
1218 1160 1295 1227 enim

194 1284 373 1351 consilium
396 1281 534 1369 petendi
561 1280 685 1360 locum,
713 1279 805 1346 unde
835 1277 962 1345 bellare
985 1282 1138 1365 possent,
1163 1282 1296 1364 practer·

193 1398 307 1480 mittit,
327 1395 524 1462 Paullinum
547 1400 580 1460 et
605 1393 751 1476 Celsum,
772 1393 956 1481 quominus
976 1391 1174 1458 Othoniani
1195 1391 1295 1457 statim

193 1511 324 1583 Vitellii
347 1511 471 1576 milites
498 1509 773 1596 aggrederentur,
796 1507 977 1596 prohibere
1001 1506 1155 1574 voluisse
1183 1511 1295 1573 narrat.

239 1626 578 1711 cap.12.1>ugnam
601 1645 764 1690 enarrans
782 1624 819 1688 in
839 1621 1023 1690 nonnullos
1043 1643 1180 1688 errores
1197 1620 1298 1707 lapsus

195 1747 252 1808 est.
277 1739 352 1820 Τοῖς
374 1737 412 1800 ὁὲ
423 1738 629 1821 μονομάχοις
645 1777 678 1786 -
702 1738 870 1823 ἐπήγαγεν
889 1734 1021 1816 Οὔαρος
1039 1733 1214 1816 Ἀλφῆνος
1233 1731 1299 1813 τοὺς

195 1854 424 1935 καλουμένους
433 1852 620 1933 Βατάβους.
631 1893 664 1900 -
677 1851 821 1932 Τούτους
832 1850 940 1934 ὀλίγα
947 1849 1012 1929 μέν
1022 1857 1094 1911 τῶν
1100 1848 1299 1931 μονομάχον

194 1970 391 2051 ὑπέστησαν,
421 1971 452 2031 ol
478 1967 516 2030 ὁέ
542 1967 689 2032 πλεῖστοι
713 1967 902 2050 φεύγοντες
921 1966 974 2029 ἐπί
994 1963 1055 2028 τὸν
1076 1963 1236 2043 ποταμὸν
1253 1963 1298 2042 ἐμ-

196 2085 366 2146 πίπτουσιν
386 2086 434 2163 είς
455 2085 592 2165 σπείρας
612 2091 682 2146 τῶν
701 2081 870 2161 πολεμίων
884 2080 1000 2144 otrodo
1014 2081 1238 2161 τεταγμένας,
1253 2075 1299 2160 ὑφ’

198 2193 246 2259 ὧν
267 2197 468 2276 ἀμυνάμενοι
494 2199 616 2278 πάντες
644 2196 780 2278 ὁμαλῶς
801 2196 1043 2279 διεφθάρησαν.

239 2312 365 2378 Parum
377 2312 567 2400 probabilia
582 2318 671 2396 sunt,
688 2336 774 2401 quae
786 2312 988 2380 Plutarchus
1003 2311 1061 2377 hic
1078 2311 1200 2378 tradit.
1214 2311 1301 2378 Gom·

196 2450 277 2514 para
307 2427 400 2492 enim
429 2428 594 2512 Tacitum,
626 2430 721 2495 cuius
751 2428 900 2496 narratio
924 2427 1147 2494 sanissimum
1172 2446 1302 2494 sensum

197 2541 343 2628 praebet.
356 2542 401 2608 H.
415 2543 459 2608 Π.
478 2544 519 2608 43
535 2545 692 2625 „accessit
703 2543 758 2630 (sc.
772 2543 978 2629 Vitellianis)
990 2525 1114 2609 recens
1127 2542 1301 2620 auxilium,

198 2658 309 2723 Varus
325 2656 468 2723 Alfenus
484 2679 562 2723 cum
574 2659 722 2740 Batavis,
733 2660 808 2725 fusa
819 2657 1048 2744 gladiatorum
1066 2678 1190 2738 manu,
1208 2664 1303 2743 quam

198 2771 343 2838 navibus
370 2777 597 2840 transvectam
620 2773 792 2860 obpositae
815 2774 969 2840 cohortes
996 2772 1032 2838 in
1059 2771 1136 2858 ipso
1169 2772 1304 2838 flumine

200 2886 466 2953 trucidaverant:
491 2888 539 2954 ita
554 2889 697 2955 victores
712 2889 801 2955 latus
817 2889 968 2955 hostium
983 2886 1144 2954 invecti.’'
1166 2886 1305 2955 Videtur

198 3001 400 3068 Plutarchus
415 3024 484 3068 non
498 3003 704 3070 intellexisse
715 3005 862 3072 Batavos
873 3004 1009 3070 eosdem
1021 3024 1061 3068 ac
1072 3003 1250 3089 oppositas
1260 3022 1304 3068 co

200 3117 312 3182 hortas
329 3138 407 3182 esse.
422 3117 521 3184 Unde
534 3116 649 3183 scribit
664 3118 775 3204 primo
790 3120 937 3186 Batavos
952 3116 1157 3204 gladiatores
1173 3117 1303 3194 fudisse,

200 3230 323 3296 deinde
350 3229 503 3297 cohortes
525 3253 580 3297 eos
603 3233 647 3298 ad
670 3233 798 3299 flumen
821 3233 989 3319 fugientes
1011 3231 1117 3320 (quod
1145 3232 1246 3298 facile
1266 3251 1301 3296 ex

203 3348 394 3432 ,oppositae
415 3346 567 3413 cohortes
588 3348 718 3434 inipso
742 3349 903 3414 flumine''
928 3347 1085 3434 colligere
1104 3347 1232 3434 potuit)
1254 3366 1300 3412 ex·

201 3461 325 3547 cepisse
347 3469 448 3548 atque
472 3463 665 3529 trucidasse.
690 3463 868 3529 Summam
892 3463 1001 3530 Taciti
1024 3464 1243 3546 narrationis,
1261 3483 1296 3528 sc.

202 3576 348 3643 Batavos
362 3575 438 3642 illos
461 3577 549 3642 latus
573 3576 846 3644 Othonianorum
868 3578 1022 3645 invectos
1044 3599 1126 3660 esse,
1150 3578 1278 3644 omittit.

240 3689 402 3774 Αίσχιστα
422 3688 460 3755 de*
474 3692 682 3772 ἠγωνίσαντο
696 3693 831 3755 πάντων
846 3694 877 3754 oi
890 3692 1110 3774 στρατηγικοί,
1123 3691 1212 3775 μηὸέ
1225 3691 1296 3756 ὅσοι

199 3804 237 3866 έν
264 3806 361 3885 χερσί
390 3804 550 3887 γενέσθαι
580 3805 659 3886 τοὺς
680 3807 852 3886 ἐναντίους
876 3807 1124 3887 ὑπομείναντες,
1146 3806 1233 3871 άλλά
1250 3803 1293 3868 καί

199 3920 278 4001 τούς
298 3922 481 4003 ἀηττήτους
502 3921 550 3984 ἔτι
571 3920 680 4003 φόβου
701 3925 755 3985 καί
779 3933 930 4006 ταραχῆς
954 3922 1207 4003 ἀνεπίμπλασαν
1226 3918 1288 4004 φοί

195 4055 317 4119 γοντες
338 4035 377 4099 ὁί
399 4038 520 4100 αὐτῶν.

243 4153 395 4219 Profecto
418 4154 577 4240 iniquum
599 4153 765 4220 iudicium
789 4156 830 4222 de
853 4155 1077 4243 praetorianis
1100 4156 1190 4239 facit,
1213 4147 1283 4242 quod
