3038 5190
608 552 649 618 85

79 799 81 803 a
112 747 254 813 Tacitus
283 751 397 812 autem
425 746 529 812 tradit
555 746 600 811 H.
625 745 670 812 II.
692 747 744 810 39.
778 744 992 831 „promoveri
1016 743 1059 809 ad
1084 765 1182 830 quar·

66 867 141 929 tum
161 884 182 929 a
203 861 368 929 Bedriaco
392 861 532 928 castra.’'
548 861 573 949 1)
597 860 647 927 De
670 847 723 942 iis,
750 881 837 947 quae
861 864 1049 947 sequuntur
1072 881 1099 925 c.
1124 860 1177 941 40,

66 978 133 1046 vin'
157 976 248 1044 docti
270 976 421 1042 maxime
446 975 673 1063 disputarunt.
700 976 797 1058 „Non
819 979 859 1040 ut
881 974 925 1040 ad
944 996 1096 1062 pugnam
1120 975 1180 1061 sed

67 1094 113 1160 ad
141 1092 341 1160 bellandum
363 1092 505 1178 profecti
528 1091 737 1158 confluentes
759 1090 845 1157 Padi
865 1094 898 1156 et
923 1090 1044 1157 Aduae
1070 1090 1180 1156 flumi-

67 1210 156 1276 'num
173 1207 319 1275 sedecim
335 1206 417 1274 inde
432 1206 569 1273 milium
586 1206 694 1294 spatio
711 1206 875 1273 distantes
887 1204 1058 1293 petebant.
1082 1204 1178 1272 Celso

68 1330 104 1392 et
125 1322 271 1390 Paulino
294 1320 527 1389 abnuentibus
549 1321 695 1387 militem
717 1321 853 1403 fessum,
873 1320 1014 1386 sarcinis
1037 1341 1178 1406 gravem

66 1439 201 1506 obicere
223 1437 313 1504 hosti
339 1459 409 1503 non
433 1437 609 1520 emissura,
638 1437 822 1524 quominus
850 1436 1029 1524 expeditus
1056 1442 1090 1503 et
1117 1437 1178 1504 vix

64 1558 229 1642 quattuor
255 1552 352 1618 milia
374 1573 537 1639 passuum
565 1572 761 1639 progressus
792 1557 851 1618 aut
876 1551 1118 1639 incompositos
1140 1551 1178 1616 in

63 1669 203 1756 agmine
223 1672 281 1734 aut
304 1666 472 1754 dispersos
496 1673 530 1734 et
551 1666 683 1736 uallum
701 1665 880 1732 molientes
904 1666 1176 1752 adgrederetur.''

65 1783 210 1852 Omissis
242 1781 506 1869 quaestionibus,
537 1804 623 1848 num
653 1783 695 1848 16
726 1781 822 1848 milia
847 1787 936 1847 recte
959 1803 993 1848 se
1016 1780 1176 1864 habeant,

65 1899 277 1966 confluentes
292 1897 377 1964 Padi
396 1903 429 1964 et
445 1897 565 1965 Aduae
582 1919 627 1963 an
644 1897 752 1963 alium
767 1896 881 1962 locum
898 1897 1038 1983 petituri
1056 1902 1176 1979 essent,

66 2014 265 2101 ceterisque,
289 2035 373 2100 quas
392 2013 458 2081 viri
477 2013 568 2080 docti
591 2013 816 2101 protulerunt,
839 2012 924 2080 haec
943 2012 1177 2080 concludenda

65 2150 197 2196 censeo
227 2128 440 2212 Othonianis,
465 2151 544 2196 cum
573 2130 729 2195 nondum
753 2129 923 2196 decertare
945 2127 1082 2210 vellent,
1102 2150 1178 2216 pro·

66 2243 219 2331 positum
243 2248 314 2309 erat
333 2243 456 2326 locum,
475 2244 547 2311 sive
566 2244 774 2332 confluentes
793 2242 879 2310 Padi
902 2248 936 2309 et
954 2244 1084 2326 Aduae,
1104 2243 1176 2310 sive

66 2359 219 2445 aliquem
239 2358 344 2424 alium
370 2358 493 2442 locum,
522 2358 614 2425 unde
637 2358 763 2426 bellare
786 2363 932 2446 possent,
956 2364 1078 2446 petere.
1099 2359 1176 2426 Hoc

12 2524 17 2532 .
64 2472 248 2541 consilium
278 2473 484 2560 impugnant
517 2473 696 2540 Paullinus
726 2478 759 2539 et
790 2473 922 2556 Oelsus,
951 2495 1029 2541 oum
1060 2474 1174 2541 hostes

68 2608 126 2655 eos
145 2592 205 2663 aut
226 2586 325 2653 illum
345 2587 458 2654 locum
480 2594 633 2676 petentes
648 2588 705 2676 ·(in
729 2589 889 2677 agmime)
909 2593 977 2670 aut,
994 2593 1175 2676 postquam

64 2725 104 2770 eo
135 2695 369 2784 advenissent,
401 2702 533 2770 vallum
563 2705 766 2786 munientes,
797 2704 857 2771 vix
888 2709 1048 2791 quattuor
1078 2705 1174 2773 milia

61 2817 241 2904 progressi,
270 2818 408 2904 aggredi
435 2823 581 2905 possent.
610 2819 635 2906 2)
665 2820 798 2887 Deinde
827 2820 1002 2902 „Titianus
1032 2825 1065 2887 et
1094 2822 1174 2887 Pro-

61 2931 170 3014 culus,
201 2930 261 2998 ubi
292 2932 442 2998 consiliis
470 2934 700 3016 vincerentur,
732 2934 775 3000 ad
805 2935 859 3001 ius
888 2935 1023 3021 imperii
1054 2937 1173 3003 transi·

62 3045 162 3128 bant3
195 3047 314 3113 aderat
346 3068 427 3114 sane
460 3049 546 3114 citus
581 3071 667 3136 equo
702 3050 852 3117 Numida
886 3071 965 3116 cum
1003 3051 1172 3119 atrocibus

60 3161 245 3244 mandatis,
270 3162 393 3250 quibus
421 3164 510 3231 Otho
533 3165 699 3252 increpita
723 3165 850 3232 ducum
873 3166 1016 3253 segnitia
1038 3189 1111 3234 rem
1133 3168 1171 3234 in

59 3277 247 3344 discrimen
278 3278 368 3345 mitti
398 3278 569 3346 iubebat.''
600 3281 689 3367 Ergo
725 3281 903 3347 consilium
939 3281 1091 3349 bellandi
1121 3290 1169 3350 at·

97 3454 124 3522 1)
142 3454 263 3506 Fortasse
280 3471 339 3506 cum
357 3454 435 3507 Lezio
454 3455 507 3508 leni
526 3456 668 3508 mutatione
687 3474 734 3524 pro
755 3458 796 3511 IV
817 3458 953 3525 legendum
971 3469 1009 3511 est
1028 3460 1077 3526 VI,
1100 3460 1169 3527 quod

56 3550 152 3604 melius
171 3550 203 3602 ad
221 3551 354 3604 Plutarchi
371 3552 558 3620 quinquaginta
575 3553 658 3605 stadia
675 3555 830 3608 conveniret.

92 3647 121 3712 2)
140 3648 224 3702 Prave
241 3649 358 3717 plerique
376 3667 390 3702 e
409 3650 472 3715 „vix
490 3657 612 3717 quattuor
630 3651 702 3703 milia
720 3669 841 3719 passuum
859 3654 985 3720 progressi
1010 3655 1076 3707 eto.''
1098 3654 1167 3707 colli·

53 3751 124 3814 gunt
141 3745 158 3797 4
176 3745 248 3797 milia
266 3763 281 3798 a
299 3746 426 3799 Oremona
443 3755 585 3816 pugnatum
604 3766 666 3802 esse.
686 3749 766 3803 Vides
780 3767 883 3817 prorsus
897 3751 977 3815 alium
995 3769 1098 3805 sensum
1111 3771 1167 3806 ver·

54 3843 97 3895 bis
115 3842 185 3895 hisce
202 3843 292 3896 inesse.
311 3844 448 3912 Nusquam
466 3853 598 3912 praeterea
620 3847 731 3900 traditur
754 3847 854 3902 Vitellii
877 3848 971 3901 milites
994 3849 1026 3902 ad
1051 3868 1166 3919 pugnan-

52 3941 121 3994 dum
139 3958 284 4008 progressos
302 3958 356 3994 esse
373 3949 458 4009 atque,
477 3950 506 3995 ut
524 3943 610 3995 statim
628 3944 769 4012 apparebit,
788 3945 928 3998 Othoniani
948 3947 1100 3999 Vitellianos
1123 3966 1166 4015 ag·

49 4037 136 4107 gressi
153 4045 221 4090 sunt.
241 4038 347 4090 Summo
365 4040 421 4092 iure
440 4040 527 4092 scribit
545 4041 582 4093 H.
602 4041 717 4094 Sohiller.
737 4043 753 4093 l.
773 4043 790 4093 l.
809 4043 831 4094 Ι.
852 4044 875 4095 1.
896 4061 936 4110 pg.
956 4044 1006 4096 377
1028 4044 1098 4108 „und
1116 4062 1163 4096 vor

50 4135 106 4188 den
125 4134 230 4188 Theren
248 4152 299 4188 von
318 4136 445 4189 Cremona
461 4137 522 4189 kam
539 4155 566 4190 es
584 4155 617 4190 zu
634 4138 706 4191 einer
719 4139 833 4207 blutigen
848 4139 993 4193 Schlaoht.'’
1012 4142 1043 4194 cl.
1059 4141 1087 4193 O.
1102 4142 1163 4195 Dio.

51 4231 97 4287 64.
120 4231 160 4286 10.
179 4231 207 4286 ἓν
224 4240 278 4292 ταῖς
294 4233 389 4302 μάχαις
407 4242 460 4293 ταῖς
477 4233 541 4303 πρὸς
560 4243 591 4303 τῇ
608 4235 738 4304 Κρεμώνῃ
757 4236 909 4306 γενομέναις.
