3038 5190
630 538 652 601 9

82 727 186 792 locale
209 724 372 811 Fiirbung
403 725 463 791 der
493 725 690 811 Erzdhlung
711 725 749 790 in
780 725 858 790 dem
889 725 1063 791 Verfasser
1093 725 1193 790 einen

82 841 328 908 Oberitaliener
351 839 542 906 errathen.''
566 878 610 889 -
635 839 854 921 „Siebentens
879 841 1000 906 treffcn
1023 839 1083 906 wir
1106 840 1194 906 auch

80 955 277 1024 wesentlich
308 954 456 1021 dieselbe
486 954 820 1040 Darstellungsweise
842 955 880 1020 in
908 955 975 1020 den
1006 953 1194 1020 Plutarchi·

81 1071 185 1138 schen
207 1070 439 1156 Biographien
461 1070 533 1135 und
557 1070 618 1135 der
640 1069 944 1155 Naturgeschichte
967 1070 1044 1136 an.''
1068 1071 1093 1157 1)

124 1187 193 1252 Nec
217 1185 301 1273 quid
324 1185 406 1252 certi
426 1185 578 1251 efficiunt
596 1184 661 1250 hae
685 1206 805 1251 causae
824 1186 983 1267 „Erstens
999 1185 1043 1250 ist
1061 1184 1194 1251 Plinius

80 1301 252 1388 derjenige
276 1299 525 1382 Schriftsteller‚
549 1300 695 1368 welcher
717 1306 817 1366 unter
840 1300 931 1366 allen
954 1321 1020 1365 uns
1042 1293 1195 1366 bekann-

79 1423 138 1483 ten
161 1417 240 1482 dem
270 1415 433 1482 Plutarch
462 1417 525 1482 wie
556 1417 693 1482 Tacitus
725 1415 798 1482 sich
828 1437 884 1482 am
915 1415 1088 1481 Nachsten
1119 1409 1194 1481 dar-

79 1530 138 1597 bot
161 1584 168 1597 .
196 1584 203 1597 .
228 1583 235 1597 .
260 1583 267 1596 .
292 1531 340 1595 Er
361 1531 405 1596 ist
424 1530 484 1596 der
502 1532 640 1618 einzige,
665 1531 708 1598 da
727 1530 886 1597 Messalla
908 1530 1006 1596 nicht
1024 1531 1061 1596 in
1085 1531 1192 1615 Frage

78 1645 223 1726 kommt,
240 1645 300 1711 der
319 1644 514 1733 dberhaupt
529 1667 598 1713 von
615 1634 752 1712 Tacitus
768 1646 817 1711 als
834 1645 954 1724 Quelle
970 1646 1061 1712 citirt
1075 1645 1193 1713 wird.''

78 1761 130 1831 (T.
153 1761 198 1826 H.
223 1760 281 1826 III¹
301 1761 366 1848 28.)
398 1761 571 1843 Conced03
599 1761 752 1827 Plinium
775 1762 895 1827 saltem
921 1767 1009 1828 certe
1033 1761 1193 1828 novimus

78 1881 243 1962 tempora,
276 1876 318 1942 de
350 1876 474 1962 quibus
505 1876 562 1942 hic
592 1877 713 1962 agitur,
745 1877 846 1964 opere
876 1893 936 1942 suo
967 1881 1126 1942 tractasse
1156 1878 1192 1965 2),

78 1989 171 2077 quod
196 1990 238 2056 de
263 1991 383 2059 Cluvio
407 1997 509 2078 atque
529 1990 686 2056 Messalla
709 1990 776 2056 dici
800 1995 1012 2088 nonuipotest.
1033 1990 1099 2056 Sed
1122 2012 1192 2057 non

76 2105 204 2174 idcirco
222 2105 281 2171 ille
304 2106 426 2172 unicus
444 2106 705 2192 communisque
723 2106 799 2171 fans
820 2105 893 2171 fuit.

126 2221 308 2301 „Zweitens
342 2226 434 2309 passt
469 2221 524 2287 die
554 2221 794 2307 Bezcichnung
827 2220 877 2286 als
908 2220 1095 2288 flavischen
1129 2220 1193 2286 Ge·

77 2334 384 2401 schichtschreiber
417 2337 478 2401 auf
508 2336 571 2401 ihn
606 2335 845 2404 vortrefflich.''
881 2333 930 2422 (T.
966 2336 1012 2401 H.
1048 2335 1084 2400 II
1116 2336 1189 2401 101.

79 2449 352 2536 „Scriptores
374 2456 579 2537 temporum,
601 2451 660 2538 qui
679 2450 879 2538 potiente
901 2472 1034 2516 rerum
1050 2450 1192 2517 Flavia

78 2565 201 2631 domo
233 2566 446 2632 monimenta
475 2565 557 2633 belli
587 2566 728 2632 huiusce
759 2571 1038 2653 composuerunt,
1074 2587 1191 2631 curam

76 2681 170 2767 pacis
194 2685 226 2746 et
249 2702 401 2746 amorem
424 2681 472 2746 rei
500 2680 658 2768 publicae
689 2687 863 2768 corruptas
893 2682 931 2746 in
954 2680 1188 2748 adulationem

76 2817 195 2862 causas
213 2795 428 2884 tradidere.'')
452 2792 515 2862 Ita.
536 2797 676 2878 Verum,
697 2802 736 2863 ut
754 2798 870 2882 Lange
889 2796 910 2863 l.
928 2797 949 2862 1.
968 2818 1022 2883 pg.
1044 2798 1087 2862 39
1102 2801 1191 2862 recte

76 2903 243 2992 observat,
268 2911 405 2977 Tacitus
429 2933 499 2977 non
524 2913 747 2998 scriptorem,
768 2912 826 2977 sed
846 2913 1040 2998 scriptores
1063 2910 1189 2993 scribit,

79 3031 118 3092 ut
140 3047 358 3113 nequaquam
382 3027 490 3093 Taciti
513 3025 619 3094 verba
642 3027 685 3093 ad
716 3025 827 3091 solum
857 3025 1010 3091 Plinium
1041 3031 1192 3113 spectare

79 3141 192 3228 putari
212 3141 320 3208 liceat.
347 3141 534 3223 „Fiinftens
553 3143 689 3210 werden
708 3143 745 3208 in
773 3142 833 3208 der
857 3142 1059 3209 Geschichte
1083 3142 1192 3209 dieser

79 3255 184 3324 Jahre
208 3257 263 3323 die
287 3256 483 3323 Gallischen
506 3258 696 3325 Provinzen
719 3258 784 3323 mit
808 3280 895 3344 ganz
925 3257 1193 3325 unverhdltniss-

80 3371 242 3457 maissiger
272 3371 567 3437 Ausfiihrlichkeit
589 3372 661 3438 und
686 3372 913 3458 Genauigkeit
935 3371 1120 3438 behandelt
1142 3372 1191 3437 im

22 3493 31 3500 '
80 3485 261 3572 Vergleich
284 3509 324 3552 zu
347 3485 560 3568 Pan‘nonien,
590 3487 750 3573 Spanien,
775 3487 901 3568 Africa,
932 3487 1010 3553 dem
1041 3486 1191 3553 Orient‚''

117 3706 142 3769 1)
161 3705 280 3772 Longum
302 3713 341 3757 est
363 3706 457 3770 omnia,
476 3724 543 3773 quae
561 3714 649 3759 contra
668 3707 818 3759 Nissenium
836 3707 966 3774 disputata
984 3713 1051 3770 sunt,
1070 3706 1190 3773 proferre.

80 3801 133 3864 Qui
151 3801 215 3853 scire
237 3801 352 3869 cupiunt,
375 3801 527 3869 inspiciant:
550 3803 646 3870 Lange.
669 3805 686 3855 1.
705 3805 723 3856 1.
742 3822 800 3871 pgg.
825 3803 937 3857 38-46.
956 3802 1041 3854 Beier.
1060 3803 1077 3854 1.
1097 3803 1112 3853 1.
1132 3820 1190 3870 pgg.

81 3897 193 3962 10-13,
216 3896 258 3963 25,
282 3897 324 3952 26.
348 3898 615 3952 Animadvertendum
637 3908 676 3953 est
693 3901 842 3953 Nissenium
865 3917 912 3952 sua
930 3908 1081 3967 argumenta
1098 3899 1192 3967 partim

79 4012 242 4062 nequaquam
261 3994 375 4048 stabilire
392 3995 487 4061 conari,
505 3996 543 4048 ita
561 4003 590 4048 ut
607 3997 677 4049 nuda
695 3999 782 4062 verba,
801 4015 853 4049 non
871 3997 1024 4049 documenta
1042 3997 1102 4049 sint.

115 4091 142 4159 2)
162 4092 200 4144 Cf.
225 4093 576 4147 Numicum-Auunnsnn.
596 4095 701 4148 Tacitus
719 4095 841 4148 Annales.
861 4095 931 4146 Aufl.
951 4093 975 4148 8.
1001 4093 1090 4146 Berlin
1115 4093 1191 4148 1884.

79 4190 238 4258 Einleitung,
256 4208 298 4258 pg.
317 4190 359 4244 28.
