<?xml version="1.0" encoding="UTF-8"?>
<!DOCTYPE html PUBLIC "-//W3C//DTD XHTML 1.0 Transitional//EN"
    "http://www.w3.org/TR/xhtml1/DTD/xhtml1-transitional.dtd">
<html xmlns="http://www.w3.org/1999/xhtml" xml:lang="en" lang="en">
 <head>
  <title>
</title>
<meta http-equiv="Content-Type" content="text/html;charset=utf-8" />
  <meta name='ocr-system' content='tesseract 3.04.00' />
  <meta name='ocr-capabilities' content='ocr_page ocr_carea ocr_par ocr_line ocrx_word'/>
</head>
<body>
  <div class='ocr_page' id='page_1' title='image "./studiainplutarc00almagoog_0112.png"; bbox 0 0 3038 5190; ppageno 0'>
   <div class='ocr_carea' id='block_1_1' title="bbox 598 509 740 612">
    <p class='ocr_par' dir='ltr' id='par_1_1' title="bbox 598 509 740 612">
     <span class='ocr_line' id='line_1_1' title="bbox 598 509 740 612; baseline -0.021 0"><span class='ocrx_word' id='word_1_1' title='bbox 598 509 740 612; x_wconf 27' lang='lat'>73*</span> 
     </span>
    </p>
   </div>
   <div class='ocr_carea' id='block_1_2' title="bbox 61 734 1182 3240">
    <p class='ocr_par' dir='ltr' id='par_1_2' title="bbox 61 734 1182 3240">
     <span class='ocr_line' id='line_1_2' title="bbox 62 734 1173 827; baseline -0.006 -20"><span class='ocrx_word' id='word_1_2' title='bbox 62 740 291 827; x_wconf 86' lang='lat' dir='ltr'>adoptatione,</span> <span class='ocrx_word' id='word_1_3' title='bbox 313 741 352 806; x_wconf 85' lang='lat' dir='ltr'>G.</span> <span class='ocrx_word' id='word_1_4' title='bbox 377 741 419 804; x_wconf 83' lang='lat'>22</span> <span class='ocrx_word' id='word_1_5' title='bbox 440 739 482 805; x_wconf 89' lang='lat' dir='ltr'>de</span> <span class='ocrx_word' id='word_1_6' title='bbox 506 737 635 805; x_wconf 89' lang='lat' dir='ltr'>Vitellii</span> <span class='ocrx_word' id='word_1_7' title='bbox 650 736 864 824; x_wconf 90' lang='lat' dir='ltr'>imperatoris</span> <span class='ocrx_word' id='word_1_8' title='bbox 880 735 1012 816; x_wconf 87' lang='lat' dir='ltr'>inertia,</span> <span class='ocrx_word' id='word_1_9' title='bbox 1030 734 1068 801; x_wconf 94' lang='grc' dir='ltr'><strong>Ο.</strong></span> <span class='ocrx_word' id='word_1_10' title='bbox 1088 735 1173 800; x_wconf 88' lang='grc'>1-3</span> 
     </span>
     <span class='ocr_line' id='line_1_3' title="bbox 63 835 1104 923; baseline -0.005 -2"><span class='ocrx_word' id='word_1_11' title='bbox 63 856 107 921; x_wconf 86' lang='lat' dir='ltr'>de</span> <span class='ocrx_word' id='word_1_12' title='bbox 129 855 271 923; x_wconf 88' lang='lat' dir='ltr'>diversis</span> <span class='ocrx_word' id='word_1_13' title='bbox 295 854 439 921; x_wconf 90' lang='lat' dir='ltr'>Othonis</span> <span class='ocrx_word' id='word_1_14' title='bbox 462 855 554 920; x_wconf 89' lang='lat' dir='ltr'>actis.</span> <span class='ocrx_word' id='word_1_15' title='bbox 1102 835 1104 840; x_wconf 34' lang='lat'><strong>¹</strong></span> 
     </span>
     <span class='ocr_line' id='line_1_4' title="bbox 101 963 1175 1055; baseline -0.011 -17"><span class='ocrx_word' id='word_1_16' title='bbox 101 971 198 1051; x_wconf 79' lang='lat' dir='ltr'>Cap.</span> <span class='ocrx_word' id='word_1_17' title='bbox 206 971 270 1037; x_wconf 84' lang='lat'>20.</span> <span class='ocrx_word' id='word_1_18' title='bbox 281 969 361 1049; x_wconf 73' lang='lat' dir='ltr'>relig</span> <span class='ocrx_word' id='word_1_19' title='bbox 369 967 617 1047; x_wconf 72' lang='grc' dir='ltr'><em>ἀπελευθέρους</em></span> <span class='ocrx_word' id='word_1_20' title='bbox 625 966 777 1055; x_wconf 87' lang='lat' dir='ltr'>(Galbae)</span> <span class='ocrx_word' id='word_1_21' title='bbox 786 963 912 1030; x_wconf 78' lang='grc' dir='ltr'><em>Ἰκελον</em></span> <span class='ocrx_word' id='word_1_22' title='bbox 921 963 1175 1027; x_wconf 78' lang='grc' dir='ltr'><em>ναὶἌσιοτικόν·</em></span> 
     </span>
     <span class='ocr_line' id='line_1_5' title="bbox 108 1080 1174 1171; baseline -0.004 -21"><span class='ocrx_word' id='word_1_23' title='bbox 108 1086 221 1171; x_wconf 88' lang='lat' dir='ltr'>Lapsu</span> <span class='ocrx_word' id='word_1_24' title='bbox 244 1083 429 1150; x_wconf 85' lang='lat' dir='ltr'>memoriae</span> <span class='ocrx_word' id='word_1_25' title='bbox 458 1082 514 1150; x_wconf 85' lang='lat' dir='ltr'>vel</span> <span class='ocrx_word' id='word_1_26' title='bbox 544 1080 750 1167; x_wconf 76' lang='lat' dir='ltr'>negligentia</span> <span class='ocrx_word' id='word_1_27' title='bbox 777 1080 923 1147; x_wconf 88' lang='lat' dir='ltr'>auctoris</span> <span class='ocrx_word' id='word_1_28' title='bbox 952 1080 1059 1146; x_wconf 78' lang='lat' dir='ltr'>nostri</span> <span class='ocrx_word' id='word_1_29' title='bbox 1082 1097 1174 1146; x_wconf 81' lang='lat' dir='ltr'>error</span> 
     </span>
     <span class='ocr_line' id='line_1_6' title="bbox 61 1194 1176 1287; baseline -0.004 -22"><span class='ocrx_word' id='word_1_30' title='bbox 61 1200 207 1287; x_wconf 79' lang='lat' dir='ltr'>irrepsit.</span> <span class='ocrx_word' id='word_1_31' title='bbox 228 1198 397 1265; x_wconf 84' lang='lat' dir='ltr'>Asiaticus</span> <span class='ocrx_word' id='word_1_32' title='bbox 420 1199 513 1264; x_wconf 90' lang='lat' dir='ltr'>enim</span> <span class='ocrx_word' id='word_1_33' title='bbox 536 1219 604 1264; x_wconf 92' lang='lat' dir='ltr'>non</span> <span class='ocrx_word' id='word_1_34' title='bbox 631 1195 769 1277; x_wconf 85' lang='lat' dir='ltr'>Galbae,</span> <span class='ocrx_word' id='word_1_35' title='bbox 793 1197 852 1263; x_wconf 89' lang='lat' dir='ltr'>sed</span> <span class='ocrx_word' id='word_1_36' title='bbox 881 1194 1012 1264; x_wconf 87' lang='lat' dir='ltr'>Vitellii</span> <span class='ocrx_word' id='word_1_37' title='bbox 1034 1196 1176 1263; x_wconf 89' lang='lat' dir='ltr'>libertus</span> 
     </span>
     <span class='ocr_line' id='line_1_7' title="bbox 63 1311 1174 1398; baseline -0.004 -17"><span class='ocrx_word' id='word_1_38' title='bbox 63 1319 153 1397; x_wconf 86' lang='lat' dir='ltr'>erat;</span> <span class='ocrx_word' id='word_1_39' title='bbox 177 1315 216 1380; x_wconf 88' lang='lat' dir='ltr'>cf.</span> <span class='ocrx_word' id='word_1_40' title='bbox 241 1314 330 1380; x_wconf 83' lang='lat' dir='ltr'>Suet.</span> <span class='ocrx_word' id='word_1_41' title='bbox 355 1314 424 1381; x_wconf 90' lang='lat' dir='ltr'>Vit.</span> <span class='ocrx_word' id='word_1_42' title='bbox 450 1314 501 1379; x_wconf 83' lang='lat'>12.</span> <span class='ocrx_word' id='word_1_43' title='bbox 522 1313 560 1378; x_wconf 87' lang='grc' dir='ltr'>Τ.</span> <span class='ocrx_word' id='word_1_44' title='bbox 585 1313 630 1378; x_wconf 94' lang='grc' dir='ltr'>Η.</span> <span class='ocrx_word' id='word_1_45' title='bbox 654 1312 700 1378; x_wconf 94' lang='lat' dir='ltr'>II.</span> <span class='ocrx_word' id='word_1_46' title='bbox 721 1311 774 1393; x_wconf 84' lang='lat'>57,</span> <span class='ocrx_word' id='word_1_47' title='bbox 794 1311 847 1398; x_wconf 80' lang='grc'>95,</span> <span class='ocrx_word' id='word_1_48' title='bbox 870 1311 931 1380; x_wconf 91' lang='lat' dir='ltr'>IV.</span> <span class='ocrx_word' id='word_1_49' title='bbox 963 1312 1014 1378; x_wconf 89' lang='lat'>11.</span> <span class='ocrx_word' id='word_1_50' title='bbox 1043 1311 1174 1377; x_wconf 86' lang='lat' dir='ltr'>Eodem</span> 
     </span>
     <span class='ocr_line' id='line_1_8' title="bbox 63 1426 1176 1512; baseline -0.004 -17"><span class='ocrx_word' id='word_1_51' title='bbox 63 1429 167 1496; x_wconf 87' lang='lat' dir='ltr'>modo</span> <span class='ocrx_word' id='word_1_52' title='bbox 190 1428 316 1495; x_wconf 86' lang='lat' dir='ltr'>erravit</span> <span class='ocrx_word' id='word_1_53' title='bbox 338 1428 378 1494; x_wconf 87' lang='lat' dir='ltr'>G.</span> <span class='ocrx_word' id='word_1_54' title='bbox 404 1429 456 1510; x_wconf 85' lang='lat'>23,</span> <span class='ocrx_word' id='word_1_55' title='bbox 479 1426 539 1493; x_wconf 95' lang='lat' dir='ltr'>ubi</span> <span class='ocrx_word' id='word_1_56' title='bbox 563 1432 679 1494; x_wconf 88' lang='lat' dir='ltr'>narrat</span> <span class='ocrx_word' id='word_1_57' title='bbox 701 1426 834 1492; x_wconf 90' lang='lat' dir='ltr'>Pisonis</span> <span class='ocrx_word' id='word_1_58' title='bbox 852 1431 1009 1512; x_wconf 87' lang='lat' dir='ltr'>parentes</span> <span class='ocrx_word' id='word_1_59' title='bbox 1032 1426 1176 1492; x_wconf 85' lang='lat' dir='ltr'>Neronis</span> 
     </span>
     <span class='ocr_line' id='line_1_9' title="bbox 62 1540 1177 1627; baseline -0.004 -17"><span class='ocrx_word' id='word_1_60' title='bbox 62 1545 158 1610; x_wconf 89' lang='lat' dir='ltr'>iussu</span> <span class='ocrx_word' id='word_1_61' title='bbox 172 1545 364 1610; x_wconf 84' lang='lat' dir='ltr'>interfectos</span> <span class='ocrx_word' id='word_1_62' title='bbox 380 1564 459 1609; x_wconf 87' lang='lat' dir='ltr'>esse.</span> <span class='ocrx_word' id='word_1_63' title='bbox 477 1543 589 1608; x_wconf 80' lang='lat' dir='ltr'>immo</span> <span class='ocrx_word' id='word_1_64' title='bbox 607 1541 740 1612; x_wconf 83' lang='lat' dir='ltr'>Claudii</span> <span class='ocrx_word' id='word_1_65' title='bbox 755 1541 858 1623; x_wconf 88' lang='lat' dir='ltr'>iussu;</span> <span class='ocrx_word' id='word_1_66' title='bbox 876 1542 916 1607; x_wconf 83' lang='lat' dir='ltr'>cl.</span> <span class='ocrx_word' id='word_1_67' title='bbox 934 1540 1072 1622; x_wconf 82' lang='lat' dir='ltr'>Seneca,</span> <span class='ocrx_word' id='word_1_68' title='bbox 1086 1540 1177 1627; x_wconf 91' lang='lat' dir='ltr'>Apo-</span> 
     </span>
     <span class='ocr_line' id='line_1_10' title="bbox 63 1655 1174 1746; baseline -0.005 -20"><span class='ocrx_word' id='word_1_69' title='bbox 63 1660 167 1726; x_wconf 90' lang='lat' dir='ltr'>coloc.</span> <span class='ocrx_word' id='word_1_70' title='bbox 192 1660 242 1726; x_wconf 87' lang='lat'>11.</span> <span class='ocrx_word' id='word_1_71' title='bbox 269 1658 412 1740; x_wconf 87' lang='lat' dir='ltr'>„occidit</span> <span class='ocrx_word' id='word_1_72' title='bbox 438 1657 493 1746; x_wconf 91' lang='lat' dir='ltr'>(sc.</span> <span class='ocrx_word' id='word_1_73' title='bbox 519 1655 693 1746; x_wconf 90' lang='lat' dir='ltr'>Claudius)</span> <span class='ocrx_word' id='word_1_74' title='bbox 715 1658 753 1722; x_wconf 92' lang='lat' dir='ltr'>in</span> <span class='ocrx_word' id='word_1_75' title='bbox 776 1678 846 1722; x_wconf 93' lang='lat' dir='ltr'>una</span> <span class='ocrx_word' id='word_1_76' title='bbox 876 1656 977 1731; x_wconf 89' lang='lat' dir='ltr'>domo</span> <span class='ocrx_word' id='word_1_77' title='bbox 1006 1655 1174 1737; x_wconf 81' lang='lat' dir='ltr'>Crassum,</span> 
     </span>
     <span class='ocr_line' id='line_1_11' title="bbox 64 1771 1177 1862; baseline -0.004 -21"><span class='ocrx_word' id='word_1_78' title='bbox 64 1775 241 1862; x_wconf 86' lang='lat' dir='ltr'>Magnum,</span> <span class='ocrx_word' id='word_1_79' title='bbox 273 1773 506 1841; x_wconf 82' lang='lat' dir='ltr'>Scriboniam&#39;&#39;</span> <span class='ocrx_word' id='word_1_80' title='bbox 536 1773 558 1839; x_wconf 90' lang='lat' dir='ltr'>i.</span> <span class='ocrx_word' id='word_1_81' title='bbox 591 1794 617 1839; x_wconf 93' lang='lat' dir='ltr'>e.</span> <span class='ocrx_word' id='word_1_82' title='bbox 649 1777 806 1859; x_wconf 86' lang='lat' dir='ltr'>parentes</span> <span class='ocrx_word' id='word_1_83' title='bbox 836 1772 1043 1857; x_wconf 87' lang='lat' dir='ltr'>fratremque</span> <span class='ocrx_word' id='word_1_84' title='bbox 1069 1771 1177 1837; x_wconf 90' lang='lat' dir='ltr'>nostri</span> 
     </span>
     <span class='ocr_line' id='line_1_12' title="bbox 63 1886 1176 1975; baseline -0.004 -20"><span class='ocrx_word' id='word_1_85' title='bbox 63 1890 214 1971; x_wconf 87' lang='lat' dir='ltr'>Pisonis;</span> <span class='ocrx_word' id='word_1_86' title='bbox 236 1890 276 1955; x_wconf 87' lang='lat' dir='ltr'>cf.</span> <span class='ocrx_word' id='word_1_87' title='bbox 301 1890 503 1954; x_wconf 85' lang='lat' dir='ltr'>Mommsen.</span> <span class='ocrx_word' id='word_1_88' title='bbox 529 1889 616 1975; x_wconf 86' lang='lat' dir='ltr'>Eph.</span> <span class='ocrx_word' id='word_1_89' title='bbox 650 1888 765 1975; x_wconf 87' lang='lat' dir='ltr'>Epigr.</span> <span class='ocrx_word' id='word_1_90' title='bbox 797 1888 823 1954; x_wconf 93' lang='lat' dir='ltr'>I.</span> <span class='ocrx_word' id='word_1_91' title='bbox 849 1909 903 1974; x_wconf 86' lang='lat' dir='ltr'>pg.</span> <span class='ocrx_word' id='word_1_92' title='bbox 928 1886 1002 1954; x_wconf 79' lang='lat'>147.</span> <span class='ocrx_word' id='word_1_93' title='bbox 1027 1887 1077 1952; x_wconf 91' lang='lat' dir='ltr'>De</span> <span class='ocrx_word' id='word_1_94' title='bbox 1100 1886 1176 1952; x_wconf 91' lang='lat' dir='ltr'>aliis</span> 
     </span>
     <span class='ocr_line' id='line_1_13' title="bbox 66 2001 1174 2072; baseline -0.002 -2"><span class='ocrx_word' id='word_1_95' title='bbox 66 2003 265 2070; x_wconf 87' lang='lat' dir='ltr'>nominibus</span> <span class='ocrx_word' id='word_1_96' title='bbox 288 2004 417 2072; x_wconf 83' lang='lat' dir='ltr'>vitiosis</span> <span class='ocrx_word' id='word_1_97' title='bbox 432 2004 470 2069; x_wconf 92' lang='lat' dir='ltr'>iu</span> <span class='ocrx_word' id='word_1_98' title='bbox 486 2003 564 2070; x_wconf 87' lang='lat' dir='ltr'>vitis</span> <span class='ocrx_word' id='word_1_99' title='bbox 580 2003 672 2071; x_wconf 90' lang='lat' dir='ltr'>hisce</span> <span class='ocrx_word' id='word_1_100' title='bbox 687 2001 941 2068; x_wconf 86' lang='lat' dir='ltr'>occurrentibus</span> <span class='ocrx_word' id='word_1_101' title='bbox 956 2001 1036 2069; x_wconf 86' lang='lat' dir='ltr'>vide</span> <span class='ocrx_word' id='word_1_102' title='bbox 1053 2001 1174 2068; x_wconf 91' lang='lat' dir='ltr'>Coroll.</span> 
     </span>
     <span class='ocr_line' id='line_1_14' title="bbox 65 2119 932 2196; baseline -0.005 -10"><span class='ocrx_word' id='word_1_103' title='bbox 65 2120 147 2186; x_wconf 89' lang='lat' dir='ltr'>Crit.</span> <span class='ocrx_word' id='word_1_104' title='bbox 172 2119 216 2186; x_wconf 92' lang='lat' dir='ltr'>ad</span> <span class='ocrx_word' id='word_1_105' title='bbox 239 2119 279 2186; x_wconf 84' lang='lat' dir='ltr'>G.</span> <span class='ocrx_word' id='word_1_106' title='bbox 305 2119 356 2185; x_wconf 89' lang='lat'>15.</span> <span class='ocrx_word' id='word_1_107' title='bbox 927 2185 932 2196; x_wconf 74' lang='grc'><em>,</em></span> 
     </span>
     <span class='ocr_line' id='line_1_15' title="bbox 111 2232 1176 2319; baseline -0.004 -18"><span class='ocrx_word' id='word_1_108' title='bbox 111 2235 207 2314; x_wconf 83' lang='lat' dir='ltr'>Cap.</span> <span class='ocrx_word' id='word_1_109' title='bbox 231 2237 292 2302; x_wconf 84' lang='lat'>22.</span> <span class='ocrx_word' id='word_1_110' title='bbox 315 2233 525 2300; x_wconf 83' lang='lat' dir='ltr'>Describitur</span> <span class='ocrx_word' id='word_1_111' title='bbox 548 2233 679 2302; x_wconf 88' lang='lat' dir='ltr'>Vitellii</span> <span class='ocrx_word' id='word_1_112' title='bbox 703 2232 936 2315; x_wconf 84' lang='lat' dir='ltr'>consalutatio,</span> <span class='ocrx_word' id='word_1_113' title='bbox 955 2254 1060 2319; x_wconf 90' lang='lat' dir='ltr'>quam</span> <span class='ocrx_word' id='word_1_114' title='bbox 1081 2253 1176 2299; x_wconf 89' lang='lat' dir='ltr'>enar-</span> 
     </span>
     <span class='ocr_line' id='line_1_16' title="bbox 64 2348 1175 2434; baseline -0.002 -18"><span class='ocrx_word' id='word_1_115' title='bbox 64 2371 146 2417; x_wconf 88' lang='lat' dir='ltr'>rans</span> <span class='ocrx_word' id='word_1_116' title='bbox 170 2348 373 2416; x_wconf 83' lang='lat' dir='ltr'>Plutarchus</span> <span class='ocrx_word' id='word_1_117' title='bbox 404 2349 549 2415; x_wconf 89' lang='lat' dir='ltr'>aliorum</span> <span class='ocrx_word' id='word_1_118' title='bbox 580 2354 757 2416; x_wconf 90' lang='lat' dir='ltr'>auctorum</span> <span class='ocrx_word' id='word_1_119' title='bbox 787 2348 975 2415; x_wconf 89' lang='lat' dir='ltr'>narrationi</span> <span class='ocrx_word' id='word_1_120' title='bbox 998 2354 1175 2434; x_wconf 85' lang='lat' dir='ltr'>repugnat.</span> 
     </span>
     <span class='ocr_line' id='line_1_17' title="bbox 110 2463 1174 2549; baseline -0.001 -20"><span class='ocrx_word' id='word_1_121' title='bbox 110 2465 188 2530; x_wconf 84' lang='lat' dir='ltr'>Tac.</span> <span class='ocrx_word' id='word_1_122' title='bbox 206 2464 251 2529; x_wconf 89' lang='lat' dir='ltr'>H.</span> <span class='ocrx_word' id='word_1_123' title='bbox 269 2465 296 2529; x_wconf 91' lang='lat' dir='ltr'>I.</span> <span class='ocrx_word' id='word_1_124' title='bbox 322 2464 364 2529; x_wconf 88' lang='lat'>55</span> <span class='ocrx_word' id='word_1_125' title='bbox 384 2469 418 2530; x_wconf 91' lang='lat' dir='ltr'>et</span> <span class='ocrx_word' id='word_1_126' title='bbox 439 2464 642 2530; x_wconf 90' lang='lat' dir='ltr'>Plutarchus</span> <span class='ocrx_word' id='word_1_127' title='bbox 664 2465 806 2532; x_wconf 80' lang='lat' dir='ltr'>tradunt</span> <span class='ocrx_word' id='word_1_128' title='bbox 822 2463 1077 2530; x_wconf 76' lang='lat' dir='ltr'>milites&#39;Cerm.</span> <span class='ocrx_word' id='word_1_129' title='bbox 1094 2463 1174 2549; x_wconf 84' lang='lat' dir='ltr'>Sup.</span> 
     </span>
     <span class='ocr_line' id='line_1_18' title="bbox 65 2578 1174 2657; baseline 0 -13"><span class='ocrx_word' id='word_1_130' title='bbox 65 2578 232 2645; x_wconf 87' lang='lat' dir='ltr'>exercitus</span> <span class='ocrx_word' id='word_1_131' title='bbox 254 2578 332 2644; x_wconf 88' lang='lat' dir='ltr'>Kal.</span> <span class='ocrx_word' id='word_1_132' title='bbox 364 2578 437 2645; x_wconf 90' lang='lat' dir='ltr'>Ian.</span> <span class='ocrx_word' id='word_1_133' title='bbox 460 2579 498 2643; x_wconf 94' lang='lat' dir='ltr'>in</span> <span class='ocrx_word' id='word_1_134' title='bbox 521 2578 627 2646; x_wconf 89' lang='lat' dir='ltr'>verba</span> <span class='ocrx_word' id='word_1_135' title='bbox 657 2578 689 2646; x_wconf 79' lang='lat' dir='ltr'>S.</span> <span class='ocrx_word' id='word_1_136' title='bbox 721 2581 757 2646; x_wconf 95' lang='lat' dir='ltr'>P.</span> <span class='ocrx_word' id='word_1_137' title='bbox 791 2579 830 2657; x_wconf 77' lang='lat' dir='ltr'>Q.</span> <span class='ocrx_word' id='word_1_138' title='bbox 861 2579 902 2645; x_wconf 85' lang='lat' dir='ltr'>R.</span> <span class='ocrx_word' id='word_1_139' title='bbox 934 2578 1072 2645; x_wconf 89' lang='lat' dir='ltr'>adactos</span> <span class='ocrx_word' id='word_1_140' title='bbox 1094 2600 1174 2644; x_wconf 89' lang='lat' dir='ltr'>esse.</span> 
     </span>
     <span class='ocr_line' id='line_1_19' title="bbox 65 2690 1175 2775; baseline 0 -17"><span class='ocrx_word' id='word_1_141' title='bbox 65 2693 165 2772; x_wconf 81' lang='lat' dir='ltr'>Quod</span> <span class='ocrx_word' id='word_1_142' title='bbox 185 2699 298 2760; x_wconf 88' lang='lat' dir='ltr'>noster</span> <span class='ocrx_word' id='word_1_143' title='bbox 315 2693 438 2759; x_wconf 87' lang='lat' dir='ltr'>deinde</span> <span class='ocrx_word' id='word_1_144' title='bbox 454 2693 575 2760; x_wconf 89' lang='lat' dir='ltr'>habet:</span> <span class='ocrx_word' id='word_1_145' title='bbox 592 2690 683 2775; x_wconf 75' lang='grc' dir='ltr'><em>λέγει</em></span> <span class='ocrx_word' id='word_1_146' title='bbox 705 2691 745 2756; x_wconf 68' lang='lat' dir='ltr'>ot}</span> <span class='ocrx_word' id='word_1_147' title='bbox 764 2713 813 2774; x_wconf 77' lang='grc' dir='ltr'>τις</span> <span class='ocrx_word' id='word_1_148' title='bbox 826 2693 865 2756; x_wconf 80' lang='grc' dir='ltr'>ἐν</span> <span class='ocrx_word' id='word_1_149' title='bbox 880 2693 993 2774; x_wconf 75' lang='grc' dir='ltr'><em>αὐτοῖς</em></span> <span class='ocrx_word' id='word_1_150' title='bbox 1008 2715 1079 2760; x_wconf 90' lang='lat' dir='ltr'>nou</span> <span class='ocrx_word' id='word_1_151' title='bbox 1098 2714 1175 2759; x_wconf 90' lang='lat' dir='ltr'>cou-</span> 
     </span>
     <span class='ocr_line' id='line_1_20' title="bbox 65 2808 1176 2896; baseline -0.001 -21"><span class='ocrx_word' id='word_1_152' title='bbox 65 2809 150 2875; x_wconf 91' lang='lat' dir='ltr'>cinit</span> <span class='ocrx_word' id='word_1_153' title='bbox 176 2829 255 2874; x_wconf 90' lang='lat' dir='ltr'>cum</span> <span class='ocrx_word' id='word_1_154' title='bbox 278 2808 355 2875; x_wconf 82' lang='lat' dir='ltr'>Tac.</span> <span class='ocrx_word' id='word_1_155' title='bbox 382 2830 472 2890; x_wconf 88' lang='lat' dir='ltr'>„non</span> <span class='ocrx_word' id='word_1_156' title='bbox 495 2814 611 2875; x_wconf 90' lang='lat' dir='ltr'>tamen</span> <span class='ocrx_word' id='word_1_157' title='bbox 643 2809 822 2896; x_wconf 85' lang='lat' dir='ltr'>quisquam</span> <span class='ocrx_word' id='word_1_158' title='bbox 845 2809 883 2874; x_wconf 91' lang='lat' dir='ltr'>in</span> <span class='ocrx_word' id='word_1_159' title='bbox 906 2808 1048 2874; x_wconf 89' lang='lat' dir='ltr'>modum</span> <span class='ocrx_word' id='word_1_160' title='bbox 1072 2809 1176 2875; x_wconf 90' lang='lat' dir='ltr'>conti·</span> 
     </span>
     <span class='ocr_line' id='line_1_21' title="bbox 65 2921 1175 3010; baseline -0.005 -21"><span class='ocrx_word' id='word_1_161' title='bbox 65 2923 142 2989; x_wconf 89' lang='lat' dir='ltr'>onis</span> <span class='ocrx_word' id='word_1_162' title='bbox 167 2928 226 2990; x_wconf 90' lang='lat' dir='ltr'>aut</span> <span class='ocrx_word' id='word_1_163' title='bbox 252 2945 313 3009; x_wconf 90' lang='lat' dir='ltr'>pro</span> <span class='ocrx_word' id='word_1_164' title='bbox 337 2929 495 3009; x_wconf 86' lang='lat' dir='ltr'>suggestu</span> <span class='ocrx_word' id='word_1_165' title='bbox 518 2923 681 2989; x_wconf 79' lang='lat' dir='ltr'>locutus&#39;&#39;</span> <span class='ocrx_word' id='word_1_166' title='bbox 701 2924 754 2988; x_wconf 84' lang='lat' dir='ltr'>Ex</span> <span class='ocrx_word' id='word_1_167' title='bbox 774 2924 935 3006; x_wconf 86' lang='lat' dir='ltr'>oratione,</span> <span class='ocrx_word' id='word_1_168' title='bbox 956 2945 1059 3010; x_wconf 91' lang='lat' dir='ltr'>quam</span> <span class='ocrx_word' id='word_1_169' title='bbox 1080 2921 1175 3004; x_wconf 76' lang='grc' dir='ltr'><em>λέγει</em></span> 
     </span>
     <span class='ocr_line' id='line_1_22' title="bbox 66 3037 1175 3126; baseline 0.004 -28"><span class='ocrx_word' id='word_1_170' title='bbox 66 3037 152 3116; x_wconf 72' lang='lat' dir='ltr'>rc51)</span> <span class='ocrx_word' id='word_1_171' title='bbox 174 3037 213 3099; x_wconf 81' lang='grc' dir='ltr'>ἐν</span> <span class='ocrx_word' id='word_1_172' title='bbox 234 3037 347 3117; x_wconf 78' lang='grc' dir='ltr'><em>αὐτοῖς</em></span> <span class='ocrx_word' id='word_1_173' title='bbox 368 3037 424 3125; x_wconf 89' lang='lat' dir='ltr'>(sc.</span> <span class='ocrx_word' id='word_1_174' title='bbox 466 3039 640 3118; x_wconf 77' lang='grc' dir='ltr'><em>νεμονικοί</em></span> <span class='ocrx_word' id='word_1_175' title='bbox 664 3063 695 3087; x_wconf 87' lang='lat'>=</span> <span class='ocrx_word' id='word_1_176' title='bbox 722 3037 825 3125; x_wconf 86' lang='lat' dir='ltr'>legati</span> <span class='ocrx_word' id='word_1_177' title='bbox 846 3038 1042 3126; x_wconf 88' lang='lat' dir='ltr'>tribunive)‚</span> <span class='ocrx_word' id='word_1_178' title='bbox 1072 3059 1175 3124; x_wconf 90' lang='lat' dir='ltr'>appa·</span> 
     </span>
     <span class='ocr_line' id='line_1_23' title="bbox 65 3153 1182 3240; baseline 0.001 -22"><span class='ocrx_word' id='word_1_179' title='bbox 65 3159 117 3219; x_wconf 90' lang='lat' dir='ltr'>ret</span> <span class='ocrx_word' id='word_1_180' title='bbox 141 3154 254 3220; x_wconf 85' lang='lat' dir='ltr'>Germ.</span> <span class='ocrx_word' id='word_1_181' title='bbox 279 3153 358 3240; x_wconf 87' lang='lat' dir='ltr'>Sup.</span> <span class='ocrx_word' id='word_1_182' title='bbox 391 3154 577 3220; x_wconf 85' lang='lat' dir='ltr'>exercitum</span> <span class='ocrx_word' id='word_1_183' title='bbox 600 3154 670 3220; x_wconf 90' lang='lat' dir='ltr'>iam</span> <span class='ocrx_word' id='word_1_184' title='bbox 701 3154 743 3220; x_wconf 93' lang='lat' dir='ltr'>de</span> <span class='ocrx_word' id='word_1_185' title='bbox 770 3153 908 3222; x_wconf 90' lang='lat' dir='ltr'>Vitellio</span> <span class='ocrx_word' id='word_1_186' title='bbox 930 3153 1182 3240; x_wconf 65' lang='lat' dir='ltr'>proclamando,</span> 
     </span>
    </p>
   </div>
   <div class='ocr_carea' id='block_1_3' title="bbox 63 3347 1177 4278">
    <p class='ocr_par' dir='ltr' id='par_1_3' title="bbox 64 3347 1176 3516">
     <span class='ocr_line' id='line_1_24' title="bbox 64 3347 1176 3416; baseline -0.001 -15"><span class='ocrx_word' id='word_1_187' title='bbox 64 3349 174 3402; x_wconf 84' lang='lat' dir='ltr'>diversis</span> <span class='ocrx_word' id='word_1_188' title='bbox 191 3348 253 3400; x_wconf 82' lang='lat' dir='ltr'>locis</span> <span class='ocrx_word' id='word_1_189' title='bbox 271 3348 304 3400; x_wconf 89' lang='lat' dir='ltr'>de</span> <span class='ocrx_word' id='word_1_190' title='bbox 322 3347 426 3400; x_wconf 85' lang='lat' dir='ltr'>Othone</span> <span class='ocrx_word' id='word_1_191' title='bbox 442 3348 548 3415; x_wconf 86' lang='lat' dir='ltr'>eiusque</span> <span class='ocrx_word' id='word_1_192' title='bbox 565 3348 727 3401; x_wconf 77' lang='lat' dir='ltr'>affectatione</span> <span class='ocrx_word' id='word_1_193' title='bbox 744 3348 847 3416; x_wconf 86' lang='lat' dir='ltr'>imperii</span> <span class='ocrx_word' id='word_1_194' title='bbox 865 3348 955 3412; x_wconf 78' lang='lat' dir='ltr'>tradit3</span> <span class='ocrx_word' id='word_1_195' title='bbox 974 3348 1006 3400; x_wconf 90' lang='grc' dir='ltr'><strong>Ο.</strong></span> <span class='ocrx_word' id='word_1_196' title='bbox 1027 3349 1051 3412; x_wconf 83' lang='grc'>7,</span> <span class='ocrx_word' id='word_1_197' title='bbox 1070 3348 1113 3400; x_wconf 92' lang='lat' dir='ltr'>ubi</span> <span class='ocrx_word' id='word_1_198' title='bbox 1132 3366 1176 3416; x_wconf 92' lang='lat' dir='ltr'>op-</span> 
     </span>
     <span class='ocr_line' id='line_1_25' title="bbox 64 3445 809 3516; baseline -0.001 -18"><span class='ocrx_word' id='word_1_199' title='bbox 64 3447 139 3516; x_wconf 88' lang='lat' dir='ltr'>ponit</span> <span class='ocrx_word' id='word_1_200' title='bbox 157 3445 363 3498; x_wconf 83' lang='lat' dir='ltr'>Othonianorum</span> <span class='ocrx_word' id='word_1_201' title='bbox 381 3452 405 3497; x_wconf 87' lang='lat' dir='ltr'>et</span> <span class='ocrx_word' id='word_1_202' title='bbox 424 3445 623 3499; x_wconf 86' lang='lat' dir='ltr'>Vitellianorum</span> <span class='ocrx_word' id='word_1_203' title='bbox 641 3446 732 3511; x_wconf 81' lang='lat' dir='ltr'>duces3</span> <span class='ocrx_word' id='word_1_204' title='bbox 751 3453 809 3498; x_wconf 87' lang='lat' dir='ltr'>cett.</span> 
     </span>
    </p>

    <p class='ocr_par' dir='ltr' id='par_1_4' title="bbox 63 3543 1177 4278">
     <span class='ocr_line' id='line_1_26' title="bbox 102 3543 1176 3612; baseline -0.001 -15"><span class='ocrx_word' id='word_1_205' title='bbox 102 3546 129 3612; x_wconf 89' lang='lat'>1)</span> <span class='ocrx_word' id='word_1_206' title='bbox 148 3543 268 3611; x_wconf 83' lang='lat' dir='ltr'>Suspicor</span> <span class='ocrx_word' id='word_1_207' title='bbox 285 3544 354 3595; x_wconf 93' lang='lat' dir='ltr'>hunc</span> <span class='ocrx_word' id='word_1_208' title='bbox 376 3543 488 3610; x_wconf 86' lang='lat' dir='ltr'>aliquem</span> <span class='ocrx_word' id='word_1_209' title='bbox 511 3561 525 3596; x_wconf 90' lang='lat' dir='ltr'>e</span> <span class='ocrx_word' id='word_1_210' title='bbox 547 3544 637 3610; x_wconf 82' lang='lat' dir='ltr'>legatis</span> <span class='ocrx_word' id='word_1_211' title='bbox 660 3543 802 3596; x_wconf 84' lang='lat' dir='ltr'>tribunisve</span> <span class='ocrx_word' id='word_1_212' title='bbox 820 3543 957 3596; x_wconf 86' lang='lat' dir='ltr'>Caecinam</span> <span class='ocrx_word' id='word_1_213' title='bbox 974 3544 1061 3610; x_wconf 82' lang='lat' dir='ltr'>fuisse,</span> <span class='ocrx_word' id='word_1_214' title='bbox 1079 3545 1176 3612; x_wconf 87' lang='lat' dir='ltr'>praeci·</span> 
     </span>
     <span class='ocr_line' id='line_1_27' title="bbox 65 3640 1173 3710; baseline -0.002 -16"><span class='ocrx_word' id='word_1_215' title='bbox 65 3659 147 3710; x_wconf 93' lang='lat' dir='ltr'>puum</span> <span class='ocrx_word' id='word_1_216' title='bbox 165 3640 341 3707; x_wconf 83' lang='lat' dir='ltr'>instigatorem</span> <span class='ocrx_word' id='word_1_217' title='bbox 359 3640 507 3693; x_wconf 82' lang='lat' dir='ltr'>defectionis</span> <span class='ocrx_word' id='word_1_218' title='bbox 525 3640 593 3708; x_wconf 90' lang='lat' dir='ltr'>apud</span> <span class='ocrx_word' id='word_1_219' title='bbox 612 3641 700 3692; x_wconf 87' lang='lat' dir='ltr'>Germ.</span> <span class='ocrx_word' id='word_1_220' title='bbox 721 3641 783 3708; x_wconf 84' lang='lat' dir='ltr'>Sup.</span> <span class='ocrx_word' id='word_1_221' title='bbox 802 3640 950 3693; x_wconf 83' lang='lat' dir='ltr'>exercitum.</span> <span class='ocrx_word' id='word_1_222' title='bbox 963 3642 994 3693; x_wconf 85' lang='lat' dir='ltr'>cf.</span> <span class='ocrx_word' id='word_1_223' title='bbox 1014 3641 1075 3693; x_wconf 82' lang='lat' dir='ltr'>Tac.</span> <span class='ocrx_word' id='word_1_224' title='bbox 1094 3641 1131 3693; x_wconf 87' lang='lat' dir='ltr'>H.</span> <span class='ocrx_word' id='word_1_225' title='bbox 1151 3642 1173 3693; x_wconf 92' lang='lat' dir='ltr'>I.</span> 
     </span>
     <span class='ocr_line' id='line_1_28' title="bbox 65 3738 1175 3794; baseline -0.003 0"><span class='ocrx_word' id='word_1_226' title='bbox 65 3741 108 3794; x_wconf 87' lang='lat'>53.</span> <span class='ocrx_word' id='word_1_227' title='bbox 128 3739 197 3790; x_wconf 88' lang='lat' dir='ltr'>Mire</span> <span class='ocrx_word' id='word_1_228' title='bbox 214 3739 277 3790; x_wconf 89' lang='lat' dir='ltr'>haec</span> <span class='ocrx_word' id='word_1_229' title='bbox 300 3738 424 3790; x_wconf 81' lang='lat' dir='ltr'>Caecinae</span> <span class='ocrx_word' id='word_1_230' title='bbox 443 3739 484 3791; x_wconf 89' lang='lat' dir='ltr'>vel</span> <span class='ocrx_word' id='word_1_231' title='bbox 501 3739 614 3792; x_wconf 86' lang='lat' dir='ltr'>cuiusvis</span> <span class='ocrx_word' id='word_1_232' title='bbox 636 3739 715 3791; x_wconf 79' lang='lat' dir='ltr'>fuerit</span> <span class='ocrx_word' id='word_1_233' title='bbox 732 3739 814 3791; x_wconf 87' lang='lat' dir='ltr'>oratio</span> <span class='ocrx_word' id='word_1_234' title='bbox 836 3740 961 3791; x_wconf 88' lang='lat' dir='ltr'>nonnulla</span> <span class='ocrx_word' id='word_1_235' title='bbox 983 3739 1076 3790; x_wconf 88' lang='lat' dir='ltr'>similia</span> <span class='ocrx_word' id='word_1_236' title='bbox 1098 3738 1175 3792; x_wconf 85' lang='lat' dir='ltr'>habet</span> 
     </span>
     <span class='ocr_line' id='line_1_29' title="bbox 65 3834 1175 3903; baseline 0 -15"><span class='ocrx_word' id='word_1_237' title='bbox 65 3835 159 3900; x_wconf 88' lang='lat' dir='ltr'>verbis,</span> <span class='ocrx_word' id='word_1_238' title='bbox 178 3834 271 3902; x_wconf 86' lang='lat' dir='ltr'>quibus</span> <span class='ocrx_word' id='word_1_239' title='bbox 288 3834 385 3887; x_wconf 87' lang='lat' dir='ltr'>Fabius</span> <span class='ocrx_word' id='word_1_240' title='bbox 403 3835 501 3888; x_wconf 84' lang='lat' dir='ltr'>Valens</span> <span class='ocrx_word' id='word_1_241' title='bbox 519 3836 656 3889; x_wconf 87' lang='lat' dir='ltr'>Vitellium</span> <span class='ocrx_word' id='word_1_242' title='bbox 680 3837 793 3903; x_wconf 83' lang='lat' dir='ltr'>instigat,</span> <span class='ocrx_word' id='word_1_243' title='bbox 819 3836 850 3888; x_wconf 86' lang='lat' dir='ltr'>T.</span> <span class='ocrx_word' id='word_1_244' title='bbox 877 3837 914 3888; x_wconf 87' lang='grc' dir='ltr'>Η.</span> <span class='ocrx_word' id='word_1_245' title='bbox 939 3837 961 3888; x_wconf 95' lang='grc' dir='ltr'><strong>Ι.</strong></span> <span class='ocrx_word' id='word_1_246' title='bbox 981 3835 1023 3890; x_wconf 84' lang='grc'><strong>52.</strong></span> <span class='ocrx_word' id='word_1_247' title='bbox 1053 3835 1175 3888; x_wconf 76' lang='grc' dir='ltr'><strong><em>Φλάκκον</em></strong></span> 
     </span>
     <span class='ocr_line' id='line_1_30' title="bbox 63 3931 1176 4002; baseline 0 -16"><span class='ocrx_word' id='word_1_248' title='bbox 63 3932 113 4002; x_wconf 73' lang='grc' dir='ltr'>μὲν</span> <span class='ocrx_word' id='word_1_249' title='bbox 131 3931 177 3986; x_wconf 80' lang='grc' dir='ltr'>οὖν</span> <span class='ocrx_word' id='word_1_250' title='bbox 193 3932 347 4001; x_wconf 79' lang='grc' dir='ltr'><em>Ὁρδεώνιον</em></span> <span class='ocrx_word' id='word_1_251' title='bbox 361 3964 394 3971; x_wconf 99' lang='grc'><strong>-</strong></span> <span class='ocrx_word' id='word_1_252' title='bbox 408 3932 508 3986; x_wconf 73' lang='grc' dir='ltr'><em>ἔατὲονι</em></span> <span class='ocrx_word' id='word_1_253' title='bbox 523 3935 639 3999; x_wconf 75' lang='lat' dir='ltr'>„nullam</span> <span class='ocrx_word' id='word_1_254' title='bbox 656 3934 684 3986; x_wconf 92' lang='lat' dir='ltr'>in</span> <span class='ocrx_word' id='word_1_255' title='bbox 702 3934 794 3986; x_wconf 87' lang='lat' dir='ltr'>Flacco</span> <span class='ocrx_word' id='word_1_256' title='bbox 816 3934 966 3998; x_wconf 86' lang='lat' dir='ltr'>Hordeonio</span> <span class='ocrx_word' id='word_1_257' title='bbox 984 3935 1107 3986; x_wconf 87' lang='lat' dir='ltr'>moram.’&#39;</span> <span class='ocrx_word' id='word_1_258' title='bbox 1127 3953 1176 3986; x_wconf 83' lang='grc' dir='ltr'>πα-</span> 
     </span>
     <span class='ocr_line' id='line_1_31' title="bbox 64 4029 1177 4099; baseline 0 -15"><span class='ocrx_word' id='word_1_259' title='bbox 64 4031 126 4099; x_wconf 83' lang='grc' dir='ltr'><strong><em>τρός</em></strong></span> <span class='ocrx_word' id='word_1_260' title='bbox 148 4050 174 4082; x_wconf 82' lang='grc' dir='ltr'>τε</span> <span class='ocrx_word' id='word_1_261' title='bbox 196 4037 302 4099; x_wconf 82' lang='grc' dir='ltr'><strong><em>τιμητοῦ</em></strong></span> <span class='ocrx_word' id='word_1_262' title='bbox 325 4030 370 4083; x_wconf 87' lang='grc' dir='ltr'>καὶ</span> <span class='ocrx_word' id='word_1_263' title='bbox 391 4029 445 4098; x_wconf 84' lang='grc' dir='ltr'><strong><em>τρὶς</em></strong></span> <span class='ocrx_word' id='word_1_264' title='bbox 466 4030 564 4083; x_wconf 82' lang='grc' dir='ltr'><strong><em>ὑπάτου</em></strong></span> <span class='ocrx_word' id='word_1_265' title='bbox 586 4031 723 4099; x_wconf 76' lang='grc' dir='ltr'><em>γενομένου</em></span> <span class='ocrx_word' id='word_1_266' title='bbox 744 4031 789 4084; x_wconf 85' lang='grc' dir='ltr'>καὶ</span> <span class='ocrx_word' id='word_1_267' title='bbox 806 4031 930 4098; x_wconf 78' lang='grc' dir='ltr'><em>Κλαυδίῳ</em></span> <span class='ocrx_word' id='word_1_268' title='bbox 948 4032 1059 4098; x_wconf 83' lang='grc' dir='ltr'><strong><em>Καίσαρι</em></strong></span> <span class='ocrx_word' id='word_1_269' title='bbox 1082 4032 1177 4099; x_wconf 82' lang='grc' dir='ltr'><em>τρόπον</em></span> 
     </span>
     <span class='ocr_line' id='line_1_32' title="bbox 65 4125 1176 4197; baseline 0.002 -16"><span class='ocrx_word' id='word_1_270' title='bbox 65 4125 122 4181; x_wconf 86' lang='grc' dir='ltr'><em>τινὰ</em></span> <span class='ocrx_word' id='word_1_271' title='bbox 140 4127 323 4195; x_wconf 75' lang='grc' dir='ltr'><em>ουνάρξοντοςε</em></span> <span class='ocrx_word' id='word_1_272' title='bbox 343 4127 467 4194; x_wconf 82' lang='lat' dir='ltr'>„Vitellio</span> <span class='ocrx_word' id='word_1_273' title='bbox 485 4135 536 4180; x_wconf 87' lang='lat' dir='ltr'>tres</span> <span class='ocrx_word' id='word_1_274' title='bbox 553 4128 634 4196; x_wconf 84' lang='lat' dir='ltr'>patris</span> <span class='ocrx_word' id='word_1_275' title='bbox 652 4130 799 4182; x_wconf 84' lang='lat' dir='ltr'>consulatue</span> <span class='ocrx_word' id='word_1_276' title='bbox 817 4147 951 4182; x_wconf 81' lang='lat' dir='ltr'>censuram</span> <span class='ocrx_word' id='word_1_277' title='bbox 964 4128 1099 4197; x_wconf 84' lang='lat' dir='ltr'>collegium</span> <span class='ocrx_word' id='word_1_278' title='bbox 1114 4129 1176 4183; x_wconf 90' lang='lat' dir='ltr'>Cae·</span> 
     </span>
     <span class='ocr_line' id='line_1_33' title="bbox 66 4224 156 4278; baseline -0.011 0"><span class='ocrx_word' id='word_1_279' title='bbox 66 4224 156 4278; x_wconf 84' lang='lat' dir='ltr'>sarie.&#39;-’</span> 
     </span>
    </p>
   </div>
   <div class='ocr_carea' id='block_1_4' title="bbox 0 0 1526 5190">
    <p class='ocr_par' dir='ltr' id='par_1_5' title="bbox 0 0 1526 5190">
     <span class='ocr_line' id='line_1_34' title="bbox 0 0 1526 5190; baseline 0 0"><span class='ocrx_word' id='word_1_280' title='bbox 0 0 1526 5190; x_wconf 95' lang='lat' dir='ltr'> </span> 
     </span>
    </p>
   </div>
  </div>
 </body>
</html>
