3038 5190
717 514 759 581 78

190 709 360 796 praesenti
382 708 485 776 exitio
515 706 693 774 subtraxit.
718 704 774 792 (se.
807 702 932 792 Otho)'”
959 703 1097 782 Quibus
1128 726 1172 770 ex
1199 704 1308 771 verbis

190 823 393 897 Plutarchus
412 823 577 891 conclusit
596 823 698 889 etiam
723 820 872 886 Marium
896 818 1032 884 Celsum
1054 819 1095 884 in
1122 826 1238 886 castra
1259 841 1309 887 ve-

189 939 288 1020 nisse,
305 937 396 1026 quod
411 938 524 1021 tradit,
542 936 668 1003 oblitus
684 957 718 1002 se
734 934 831 1000 nullo
847 933 960 1003 adhuc
976 932 1083 1002 verbo
1101 956 1308 1001 concursum

188 1053 225 1119 in
249 1060 358 1120 castra
380 1052 538 1139 attigisse.
563 1053 644 1138 Gap.
670 1052 711 1116 28
734 1069 866 1119 memor
885 1049 1037 1114 eiusdem
1055 1049 1184 1136 capitis
1202 1048 1308 1116 Taciti

189 1174 247 1236 est.
272 1164 387 1248 Ἐυθύς
408 1165 447 1230 ὁέ
466 1163 571 1248 flovit)
593 1161 820 1228 συνεκαλεῖτο.
841 1161 910 1226 Καὶ
923 1161 1076 1243 καθάπερ
1091 1162 1198 1227 ἄλλοι
1208 1184 1307 1247 yayo

189 1282 288 1363 νότες
308 1288 369 1349 etc.
396 1281 534 1364 ,Alium
557 1280 708 1347 crederes
732 1286 898 1361 senatum,
922 1276 1030 1344 alium
1053 1279 1264 1366 populum.''

234 1396 401 1466 Observas
424 1395 650 1462 Plutarchum
671 1401 799 1461 temere
822 1393 979 1460 Tacitum
1003 1400 1264 1480 excerpentem.

571 1563 684 1634 VITA
709 1563 921 1632 OTHONIS.

234 1724 332 1806 Gap.
355 1727 386 1793 1.
409 1724 612 1790 Plutarchus
642 1723 679 1788 in
709 1722 775 1789 boc
805 1722 916 1810 capite
945 1723 1162 1827 comparavit
1191 1723 1307 1788 omnia

192 1840 338 1907 Othonis
368 1845 452 1923 acta,
483 1839 607 1926 quibus
635 1839 674 1903 in
703 1838 849 1924 gratiam
880 1859 959 1903 cum
986 1837 1202 1924 primoribus
1225 1839 1306 1905 redi·

192 1961 243 2021 ret
264 1956 304 2043 1).
324 1954 425 2022 Unde
447 1954 576 2020 factum
599 1959 649 2019 est
671 1958 709 2019 ut
731 1952 817 2019 ratio
833 1941 1029 2039 temporum
1052 1951 1237 2019 claudicet.
1254 1953 1306 2022 Vi·

194 2069 235 2135 de
258 2069 360 2135 enim.
385 2069 433 2136 Ut
461 2068 598 2135 Tacitus
628 2066 675 2133 H.
699 2067 726 2134 Ι.
751 2068 804 2150 71,
827 2067 980 2154 primum
1013 2066 1164 2133 Othonis
1196 2073 1306 2135 actum

192 2184 276 2251 dicit
295 2184 434 2251 veniam
456 2183 565 2250 Mario
589 2182 685 2249 Celso
701 2182 828 2265 datam,
843 2183 865 2248 i.
879 2203 907 2248 e.
920 2204 966 2248 m.
979 2182 1000 2249 J
1002 2182 1164 2264 anuario;
1183 2183 1305 2249 deinde

192 2298 305 2380 habet,
328 2313 415 2385 quae
437 2298 576 2364 Tacitus
606 2297 658 2364 77.
690 2297 733 2363 de
755 2296 995 2363 consulatuum
1022 2296 1256 2364 destinatione
1277 2303 1307 2363 et

192 2412 445 2500 pontificatibus
467 2412 581 2493 tradit,
605 2433 632 2478 c.
657 2413 700 2478 90
716 2412 758 2478 de
773 2411 926 2498 reliquiis
942 2411 1224 2478 Neronianarum
1245 2435 1308 2479 sec.

193 2531 326 2596 tionum
347 2528 513 2595 revocatis
535 2526 579 2594 ab
599 2527 700 2593 exilio
717 2527 892 2607 concessis,
910 2526 1001 2612 quod
1026 2526 1150 2593 diserte
1170 2528 1307 2595 Tacitus

192 2643 302 2731 pridie
323 2642 401 2708 idus
423 2642 563 2710 Martias
586 2642 714 2708 factum
737 2662 808 2707 esse
831 2641 923 2707 dicit.
944 2641 1215 2726 Coniunguntur
1232 2664 1307 2729 ergo

192 2781 254 2840 ree,
277 2779 363 2845 quae
386 2778 523 2844 prorsus
545 2756 687 2824 diversis
709 2756 920 2843 temporibus
941 2757 1149 2824 acciderunt.

236 2872 367 2939 Eodem
379 2872 481 2938 modo
492 2870 697 2938 Plutarchus
709 2893 785 2958 cpp.
799 2873 829 2954 2,
842 2873 872 2938 3.
885 2871 932 2937 in.
945 2870 1114 2937 nonnulla
1127 2879 1310 2940 enumerat

196 2988 319 3075 quibus
332 2986 422 3053 Otho
438 2985 548 3074 plebis
562 2986 715 3054 favorem
731 2985 795 3052 sibi
811 2987 1016 3068 conciliaret,
1032 3007 1079 3052 sc:
1096 2971 1310 3075 supplicium

194 3102 354 3189 Tigellini
376 3101 466 3186 (Tac.
480 3103 524 3168 H.
541 3102 568 3168 I.
585 3102 661 3189 72),
678 3101 909 3168 narrationem
925 3101 967 3167 de
983 3100 1190 3168 celebranda
1207 3104 1310 3170 Nero-

194 3219 248 3284 nis
264 3218 428 3284 memoria
444 3218 534 3303 (Tac.
558 3218 624 3305 78.)
647 3217 780 3283 Deinde
803 3238 875 3303 cap.
900 3218 919 3282 3
943 3215 1094 3281 militum
1117 3223 1242 3286 contra
1264 3241 1310 3286 sc

194 3339 329 3400 natores
351 3332 518 3400 tumultus
533 3331 744 3413 describitur,
761 3354 833 3419 cap.
857 3332 888 3412 4,
913 3331 948 3397 5:
966 3331 1121 3398 ¹'diversae
1141 3353 1196 3398 res
1214 3348 1310 3401 enar·

194 3454 313 3515 rantur
343 3470 439 3536 quae,
469 3454 508 3515 ut
537 3448 701 3515 Beckurts
732 3447 823 3529 dicit,
856 3447 925 3529 ,in
942 3447 1139 3532 Beziehung
1170 3469 1213 3514 zu
1243 3449 1310 3516 den

195 3567 352 3630 ausseren
374 3563 580 3649 Vorgiingen
598 3563 749 3629 stehen.''
766 3562 907 3628 Summo
922 3561 996 3628 iure
1011 3561 1188 3627 concludit
1203 3563 1309 3630 idem:

198 3680 281 3762 „Die
304 3678 523 3765 Disposition,
554 3678 645 3744 nach
676 3677 735 3744 der
764 3676 928 3744 Plutarch
954 3675 1141 3762 gearbeitet
1169 3677 1249 3761 hat,
1270 3679 1312 3745 ist

196 3793 304 3861 damit
326 3792 402 3859 klar
424 3792 650 3859 erkannbar.'’

231 3955 257 4019 1)
275 3954 306 4005 cl.
325 3952 458 4005 Beckurts.
478 3952 494 4004 l.
512 3953 529 4004 l.
549 3970 590 4020 pg.
610 3952 652 4005 37.
671 3951 771 4004 Leuius.
790 3952 806 4004 l.
825 3951 842 4003 l.
862 3969 904 4019 pg.
923 3951 965 4004 74.

229 4048 256 4111 21
275 4046 316 4101 Dc
338 4049 503 4116 chronologia
524 4066 612 4102 rerum
634 4049 724 4115 primis
746 4048 857 4100 Othonis
882 4048 951 4101 vitae
975 4047 1102 4115 capitibus
1125 4056 1312 4102 enamatarum

196 4146 253 4200 vide
272 4146 404 4199 Beckurts.
424 4147 440 4198 l.
460 4147 476 4198 l.
496 4163 553 4213 pgg.
572 4145 684 4199 35-38.
