3038 5190
734 506 797 571 103

211 697 318 780 (δήμου
339 697 506 777 Ῥωμαίων
528 695 739 778 ὁιείύθησαν.
763 698 801 764 Τ.
821 698 867 764 H.
888 697 914 763 1.
936 697 988 764 55.
1015 698 1087 780 „Ac
1106 721 1149 766 ne
1168 721 1323 768 reveren-

210 817 295 883 tiam
322 815 458 903 imperii
483 835 606 882 exuere
635 814 844 896 viderentur,
875 820 1011 881 senatus
1041 815 1227 903 populique
1257 817 1323 883 Ro-

211 930 306 997 mani
323 930 500 997 obliterata
517 930 587 996 iam
604 930 747 997 nomina
764 934 974 996 sacramento
987 929 1212 1014 advocabant,
1226 931 1337 1006 nullo,

210 1046 400 1132 legatorum
430 1045 692 1113 tribunorumve
715 1066 778 1132 pro
802 1043 912 1110 Galba
943 1043 1105 1111 nitente.'’
1129 1046 1171 1111 56
1196 1046 1252 1127 ,id
1271 1068 1322 1114 sa·

210 1166 424 1227 aramentum
454 1161 558 1227 inane
588 1159 734 1228 visum.’'
770 1159 818 1226 cf.
843 1163 1017 1246 praeterea
1046 1159 1152 1227 verba
1181 1160 1320 1227 illorum

209 1275 435 1356 ἡμεμονιιιῶνι
461 1276 494 1338 τί
521 1274 704 1358 πάσχομεν,
729 1272 805 1356 μήτ’
831 1272 938 1336 ἀίίον
963 1273 1111 1356 ἡγεμόνα
1131 1275 1321 1354 ποιούμενοι

206 1389 293 1471 μήτε
322 1388 382 1480 τὸν
402 1397 464 1452 νῦν
494 1388 576 1452 ὄντα
607 1388 846 1471 φυλάττοντες,
878 1388 991 1469 ὥσπερ
1017 1390 1057 1452 οὐ
1078 1388 1223 1471 Γάλβαν,
1244 1388 1319 1453 ἀλλ’

209 1501 300 1584 ὅλως
320 1503 469 1586 ἄρχοντα
489 1505 544 1566 ναί
564 1503 604 1567 τό
624 1502 788 1586 ἄρχεσθαι
808 1503 1010 1584 φεύγοντες;

254 1756 311 1824 Oa
342 1759 434 1825 .2a.

248 1773 396 1935 πίεξστοι
412 1870 451 1933 ὁὲ
465 1879 534 1934 τῶν
549 1873 623 1953 περί
640 1869 674 1934 Τι
675 1869 840 1954 μείλινον
854 1873 908 1934 καί
922 1870 1111 1953 Νυμφίὸιον
1124 1872 1163 1935 ἐν
1177 1882 1251 1955 τιμῇ
1261 1893 1318 1956 με·

203 1985 362 2069 μονότων
382 1986 618 2068 ἀπερριμμένοι
638 1985 717 2049 τότε
736 1987 791 2048 ναί
811 1985 948 2050 ταπεινὰ
961 1986 1167 2069 πράττοντες
1180 1970 1318 2069 ἐφθεί-

207 2119 339 2182 ροντο
359 2099 443 2182 πρὸς
464 2100 567 2164 αὐτὸν
593 2101 649 2187 (sc.
678 2100 864 2190 Othonem)
887 2103 942 2164 ναί
962 2101 1237 2183 συνηγανάκτουν
1264 2105 1318 2166 ιιαί

207 2215 419 2297 παρώξυνον.
477 2204 480 2209 ’

251 2331 464 2398 Bemadakis
483 2329 652 2412 ἐφέροντο
676 2331 786 2419 legere
798 2333 882 2416 vult,
895 2333 988 2420 quod
1002 2332 1144 2398 omnino
1163 2332 1315 2420 repudio

207 2446 319 2512 immo
333 2445 535 2527 ἐφθείροντο
549 2448 677 2534 optime
688 2447 745 2513 hic
757 2449 926 2531 convenit,
941 2449 1104 2536 quoniam
1120 2446 1317 2528 φθείρεσθαι

205 2563 364 2649 usurpari
380 2562 463 2629 solet
482 2563 524 2629 de
542 2562 742 2629 hominibus
761 2563 911 2650 perditio,
935 2563 1004 2650 qui,
1024 2563 1188 2651 pecuniae
1201 2554 1317 2630 'cuius-

205 2677 325 2764 visque
348 2677 570 2744 emolumenti
590 2677 715 2764 cupidi,
739 2677 784 2743 ad
803 2683 926 2765 parton,
943 2678 1036 2744 unde
1059 2677 1189 2765 aliquid
1214 2678 1317 2765 profi-

204 2812 280 2858 cere
303 2793 443 2879 possint,
473 2814 507 2859 se
530 2793 714 2859 conferant.
740 2791 789 2859 Gf.
813 2793 855 2861 V.
886 2793 988 2860 Phoc.
1021 2795 1073 2860 21.
1103 2794 1201 2859 Dem.
1229 2793 1312 2860 Mid.

204 2907 279 2973 139.
304 2928 359 2993 pg.
383 2906 457 2975 560.

249 3116 305 3184 Oa
336 3119 428 3184 .25.

244 3133 348 3313 ὀχίξυ
376 3227 415 3292 ὁὲ
441 3227 656 3292 παντοὸαποῦ
683 3229 888 3311 συρρέοντος
915 3229 957 3310 ἐξ
981 3231 1119 3312 ἀγορᾶς,
1140 3232 1231 3312 αὐτῷ
1253 3235 1309 3319 (sc.

201 3346 343 3434 Galbae)
361 3346 426 3424 μὲν
451 3343 581 3425 Οὐίνιος
601 3347 655 3408 ιιαί
675 3345 800 3409 Δάμων
820 3348 875 3409 ιιαί
892 3355 961 3410 τῶν
976 3345 1214 3430 ἀπελευθέρων
1228 3347 1310 3411 ἔνιοι

194 3469 333 3551 γυμνὰ
355 3470 401 3532 τὰ
421 3469 520 3551 ξίφη
542 3470 847 3552 προϊσχόμενοι
867 3470 1090 3553 παρέστησαν.

244 3585 359 3652 Gladii
389 3585 496 3651 stricti
530 3586 602 3651 sine
635 3586 707 3652 ulla
740 3589 849 3653 causa
870 3586 928 3652 hic
957 3592 1200 3669 memorantur,
1214 3564 1308 3653 nam

197 3699 305 3787 plebS,
329 3722 416 3787 quae
440 3700 671 3783 concurrebat,
702 3702 740 3767 in
763 3702 891 3769 Galbae
913 3701 1067 3790 partibus
1089 3702 1203 3769 adhuc
1226 3708 1306 3769 erat.

198 3816 301 3884 Brevi
327 3816 436 3903 spatio
462 3821 513 3882 ter
538 3816 644 3903 gladii
677 3817 783 3884 stricti
811 3824 994 3885 occurrunt
1023 3840 1067 3884 sc.
1099 3817 1151 3884 bis
1180 3818 1218 3883 in
1241 3818 1306 3885 hoc

197 3932 307 4017 capite
323 3936 355 3997 et
378 3952 451 4017 cap.
477 3932 528 3998 26.
547 3931 655 3998 initio.
679 3932 745 4000 Vel
763 3932 879 4019 paullo
898 3938 977 3999 ante
1000 3933 1119 4000 eadem
1138 3931 1243 3999 verba
1258 3955 1307 3999 re-

196 4047 386 4133 pariuntur,
395 4045 506 4126 γυμνὰ
527 4045 568 4109 τὰ
581 4045 662 4128 ξίφη
676 4045 920 4130 προϊσχόμενοι.
937 4049 1038 4116 Unde
1053 4046 1174 4134 colligo
1190 4053 1304 4115 nostro

196 4160 270 4226 loco
294 4182 332 4229 ea
354 4160 459 4229 verba
481 4161 646 4230 eiicienda
669 4183 748 4230 esse.
