3038 5190
602 527 643 594 17

68 722 183 808 plures
209 720 400 786 defensores
429 716 620 804 acquisivit,
656 738 802 803 quorum
834 716 958 803 scripta
992 721 1176 804 antequam

68 856 234 917 recenseo,
258 834 398 900 lectores
420 833 569 898 monitos
592 831 669 899 volo
693 853 748 921 me
770 831 808 896 in
830 831 896 898 hae
921 837 1017 918 parte
1039 831 1176 901 brevius

67 972 176 1037 agere,
201 949 292 1036 quod
314 953 431 1035 postea
454 968 527 1012 rem
549 946 651 1012 altius
673 951 836 1032 repetam.

112 1066 250 1131 Guasou
272 1067 387 1130 autem
416 1062 438 1129 1.
463 1062 485 1128 l.
509 1062 597 1128 mira
626 1061 716 1127 inter
737 1066 922 1147 utrumque
952 1061 1176 1129 similitudine

66 1181 220 1268 exposita
249 1180 461 1265 refutataque
489 1176 581 1242 Petri
611 1176 778 1242 sententia
808 1198 884 1263 pgg.
917 1178 959 1243 20
990 1198 1062 1264 sqq.
1092 1179 1177 1244 duos

64 1302 137 1361 tam
160 1294 311 1363 diversos
341 1293 520 1379 scriptores
549 1292 688 1358 fortuito
720 1291 856 1356 eosdem
885 1291 1069 1359 verborum
1100 1315 1177 1360 oon-

67 1431 185 1491 nexus‚
208 1408 490 1489 iudicia,.rerum
514 1406 670 1472 ordinem
693 1405 819 1472 habere
843 1427 940 1493 posse
970 1412 1081 1493 negat.
1106 1408 1176 1474 Neo

68 1547 110 1591 ex
129 1524 249 1590 eodem
271 1523 364 1588 fonte
387 1542 443 1588 eos
464 1520 616 1586 hausisse
637 1521 845 1608 comprobat,
870 1522 962 1608 quod
977 1522 1177 1596 iteTaoitus

68 1662 168 1706 suum
202 1643 374 1705 auctorem
408 1635 527 1702 multis
563 1635 646 1701 loeis
679 1636 722 1702 ad
757 1635 903 1704 verbum
937 1638 1175 1724 exscripsisset.

67 1754 193 1819 Contra
215 1752 312 1819 aliter
335 1772 408 1816 rem
439 1771 473 1816 se
496 1749 623 1816 habere
648 1771 690 1816 ex
713 1772 752 1816 eo
776 1751 904 1838 colligit
926 1752 1018 1839 quod
1040 1753 1177 1818 Tacitus

67 1867 202 1934 Claudii
234 1866 422 1932 orationem
454 1865 478 1952 1)
510 1865 552 1931 de
576 1864 754 1931 Gallorum
776 1865 849 1932 iure
876 1866 1058 1948 honorum,
1081 1867 1177 1932 cuius

43 1988 210 2074 'magnae
229 1979 392 2066 reliquiae
419 1983 601 2065 supersunt
623 1979 648 2066 2)
673 1978 757 2044 adeo
781 1979 987 2062 immutavit,
1010 1985 1058 2062 ut,
1082 1980 1176 2048 salva

67 2117 203 2163 summa
226 2091 398 2176 orationis,
416 2093 601 2159 vClaudium
620 2094 689 2159 fere
713 2091 807 2161 nova¹
826 2094 931 2162 verba
954 2100 1109 2161 orantem
1131 2097 1177 2162 fe-

67 2210 159 2277 cerit.
180 2210 237 2276 Nil
256 2209 350 2276 aliud
368 2230 446 2295 ergo
469 2213 573 2274 restat
595 2209 661 2273 nisi
677 2214 714 2275 ut
730 2209 934 2276 Plutarchus
950 2209 1107 2276 Tacitum
1125 2211 1176 2276 in·

65 2330 118 2391 ter
140 2326 250 2390 fontes
274 2323 442 2390 habuerit.

108 2440 314 2505 Nrrrrrrnur
328 2439 354 2526 3)
377 2438 526 2524 graviter
547 2437 732 2524 indignans
755 2439 962 2525 opinionem,
987 2441 1174 2507 secundum

63 2651 113 2685 nus
132 2640 170 2684 est
188 2631 221 2684 ad
239 2632 361 2698 cuiusque
378 2631 463 2698 operis
481 2639 583 2698 tempus
606 2632 726 2686 editionis
748 2632 962 2698 constituendum,
985 2641 1061 2700 prout
1082 2655 1108 2686 τε
1130 2635 1179 2687 καί

63 2729 166 2797 saepius
183 2728 298 2780 rariusve
316 2728 433 2780 occurrit.
453 2727 526 2791 Quae
544 2728 662 2794 formula,
675 2745 740 2802 ‘raro
758 2728 925 2780 aPlutarcbo
940 2728 1062 2795 adhibita,
1081 2731 1174 2798 saepis·

62 2827 127 2878 sime
145 2825 172 2876 in
196 2824 302 2877 Sertorii
325 2825 380 2878 vita
401 2824 536 2891 reperitur,
560 2824 628 2876 unde
652 2825 726 2876 Fuhr
743 2844 784 2893 pg.
804 2825 864 2879 586.
884 2825 1001 2891 „Gobiirt
1024 2826 1094 2878 disse
1112 2827 1176 2880 Vita

63 2922 194 2976 vielleicbt
211 2940 243 2974 zu
262 2923 311 2974 de'n
330 2923 448 2974 ilteren?
467 2922 543 2974 Doch
561 2922 630 2973 dann
648 2914 722 2974 sollte
739 2935 799 2973 man
818 2941 844 2973 τε
857 2923 906 2974 καί
921 2922 1013 2974 ebenso
1031 2921 1121 2990 haiifig
1138 2923 1174 2975 im

63 3019 149 3071 Galba
166 3019 220 3071 und
238 3019 307 3072 Otho
326 3026 458 3084 erwarten,
477 3019 545 3071 denn
563 3019 611 3071 mit
633 3026 712 3086 guten
736 3018 862 3070 Grdnden
880 3019 950 3071 stellt
968 3019 1114 3072 Mommsen
1132 3021 1174 3073 die

62 3116 172 3168 Ansieht
194 3117 246 3182 auf,
265 3117 324 3168 dass
341 3116 410 3168 disse
432 3116 606 3183 Biographien
629 3116 845 3183 Anltngerwerlre
868 3115 962 3168 seien.'’
984 3117 1028 3184 (In
1046 3117 1131 3169 Galba
1148 3138 1174 3169 τε

62 3214 111 3266 καί
121 3230 174 3264 non
187 3212 304 3278 occurrit,
319 3213 347 3264 in
361 3212 464 3264 Othone
474 3213 560 3279 semel,
574 3230 595 3264 o.
611 3211 642 3264 12
657 3212 788 3280 ἐμπειρίαν
802 3233 828 3264 τε
841 3211 886 3265 καὶ
900 3212 1016 3280 θάρσος.)
1031 3214 1088 3267 Iam
1101 3215 1173 3267 vides

62 3309 132 3376 quod
149 3308 182 3361 ad
200 3327 275 3362 usum
294 3329 337 3375 „re
350 3310 414 3362 καθ’
433 3309 533 3361 Galbae
550 3317 627 3376 atque
645 3309 755 3362 Othonis
774 3309 840 3362 vitas
858 3309 942 3376 potius
960 3310 1097 3386 posteriori
1112 3312 1173 3363 Plu·

62 3407 144 3459 tarchi
163 3406 244 3458 labori
262 3406 423 3458 ascribendos
441 3423 496 3458 esse
514 3406 603 3459 videri.

101 3505 127 3572 1)
146 3503 207 3556 Tae.
226 3504 296 3555 Ann.
315 3503 364 3554 XI.
384 3501 426 3555 24.

97 3597 126 3663 2)
144 3598 380 3667 VideNipperdey
397 3600 459 3651 Tac.
478 3600 547 3652 Ann.
565 3599 593 3652 in
610 3600 672 3652 fine.
980 3632 982 3634 -

75 3696 126 3763 ’3)
144 3696 266 3748 Annales.
290 3694 448 3763 Einleitung.
471 3695 515 3749 8te
537 3696 607 3747 Aufl.
630 3713 672 3763 pg.
696 3694 738 3750 29.
762 3695 812 3747 adn
837 3698 860 3748 1.
880 3696 974 3762 „Denn
994 3697 1041 3750 wie
1058 3697 1127 3750 kann
1145 3715 1172 3751 es

59 3791 191 3860 glaublich
208 3791 363 3857 erseheinen,
382 3792 427 3844 das
445 3791 551 3844 Tacitus
569 3793 611 3844 ein
630 3792 805 3845 allbelranntes
823 3792 904 3845 Werk
923 3810 968 3845 aus
984 3794 1030 3846 der
1049 3793 1171 3847 nichsten

61 3889 119 3941 Zeit
136 3889 164 3940 in
182 3889 265 3941 dieser
288 3889 375 3941 Weiss
397 3889 594 3955 abgeschrieben
615 3889 687 3942 batte
712 3889 765 3941 und
788 3890 854 3942 doch
876 3891 965 3943 seinen
990 3891 1171 3958 Zeitgenossen

60 3986 99 4037 als
117 3986 159 4037 ein
177 4003 205 4038 so
223 3985 396 4038 bedeutender
409 3985 592 4039 Schriltsteller
604 3987 751 4039 erschienen
767 3991 839 4053 ware,
855 3989 901 4040 wie
920 4005 946 4040 es
964 3987 1106 4055 gesehehen
1118 3988 1171 4040 ist?

61 4083 121 4136 Wie
139 4083 209 4134 kann
226 4100 286 4134 man
305 4083 360 4134 dies
378 4083 462 4135 einem
480 4083 578 4135 Manna
596 4101 648 4136 von
665 4084 724 4136 dem
743 4084 832 4136 Geiste
850 4083 903 4136 und
921 4084 968 4136 der
980 4085 1171 4152 Darstellungs·

60 4180 126 4248 gabe
143 4188 275 4245 eumenen,
294 4181 388 4233 welche
407 4180 461 4232 sich
478 4181 505 4232 in
525 4180 613 4232 seinen
631 4181 738 4248 iibrigen
757 4180 885 4232 Schriften
903 4181 1068 4234 offenbartl'’
1087 4190 1134 4245 etc.

1018 4267 1037 4331 2
