3038 5190
730 559 772 622 50

193 749 232 814 Ο.
259 753 309 814 18.
334 747 440 810 Εἶδον
462 747 501 810 dc*
522 750 561 810 ἐν
582 748 752 830 Βριξίλλῳ
774 751 964 832 γενόμενος
983 756 1038 814 καί
1048 763 1167 834 μνῆμα
1178 755 1319 835 μέτριον

193 870 253 929 etc.
287 865 391 929 Recte
416 864 661 931 Gersteneckcr
680 866 709 952 1)
730 864 926 933 observavit
949 867 1090 933 Florum
1113 868 1153 933 in
1177 869 1247 935 hoc
1270 870 1320 934 iti·

193 1002 274 1044 nere
299 1002 369 1045 non
393 980 503 1047 solnm
531 981 573 1046 dc
596 1002 779 1067 corporum
800 1002 921 1048 acervo
942 1005 1021 1047 cum
1040 983 1231 1050 Plutarcho
1257 984 1320 1049 col-

192 1094 346 1160 locutum
371 1117 451 1176 esse,
475 1096 534 1161 sed
558 1102 669 1162 totum
694 1095 776 1163 belli
800 1119 938 1162 cursum
962 1098 992 1163 ei
1017 1098 1227 1185 depinxisse.
1243 1101 1269 1186 2)

241 1209 396 1274 Alterum
421 1210 498 1276 talis
522 1231 604 1276 voce
629 1211 773 1276 traditae
797 1211 846 1275 rei
869 1211 1038 1278 indicium
1062 1220 1183 1279 exstat.
1218 1214 1259 1280 Ο.
1288 1217 1315 1279 9.

194 1324 393 1411 (inquiritur
424 1325 458 1389 in
493 1348 621 1406 caricas,
653 1348 714 1391 eur
744 1332 815 1395 tam
843 1348 987 1413 propere
1020 1328 1109 1394 Otho
1142 1328 1317 1395 decertare

195 1440 372 1524 statuerit.)
397 1438 496 1500 Δοκεῖ
508 1438 547 1500 di
566 1437 654 1520 μηδὲ
671 1439 773 1520 αὐτὸς
793 1438 902 1502 'oeae
923 1441 1149 1523 ἐξαναφέρειν
1164 1443 1215 1506 ἔτι
1234 1444 1317 1525 πρὸς

194 1554 255 1634 τὴν
277 1551 468 1634 ἀδηλότητα
486 1552 574 1633 μηδὲ
594 1554 772 1632 ὑπομένειν
794 1553 912 1635 ἀηθείᾳ
933 1558 988 1617 καὶ
1008 1554 1221 1638 μαλακότητι
1240 1559 1318 1637 τοὺς

193 1670 268 1748 περὶ
291 1676 361 1730 τῶν
383 1666 504 1729 ὁεινῶν
522 1667 714 1749 λογισμούς,
735 1669 985 1749 ἐκπονούμενος
1006 1670 1046 1732 ὁὲ
1066 1682 1139 1751 ταῖς
1161 1674 1317 1753 φροντίσι

194 1781 350 1844 σπεύδειν
373 1782 665 1864 ἐγκαλυψάμενος,
692 1783 806 1864 ὥσπερ
830 1783 895 1847 α’πό
918 1793 1077 1865 κρημνοῦ,
1100 1784 1259 1863 μεθεῖναι
1278 1786 1315 1847 τὰ

193 1898 371 1979 πράγματα
403 1896 487 1977 πρὸς
513 1895 552 1958 τὸ
578 1896 754 1980 συντυχόν.
784 1896 864 1959 Καί
889 1907 1008 1961 τοῦτο
1033 1898 1107 1978 μὲν
1139 1898 1316 1982 ὁιηγεϊτο

195 2011 420 2092 Σεκοῦνδος
449 2012 468 2073 ὁ
495 2012 627 2096 ῥήτωρ
648 2012 708 2074 ἐπὶ
736 2022 814 2075 τῶν
842 2013 1064 2076 ἐπιστολῶν
1090 2015 1316 2096 γενόμενος

195 2137 258 2189 τοῦ
280 2126 460 2206 Ὄθωνος.

238 2243 335 2324 Sunt,
349 2244 408 2329 qui
417 2248 539 2329 putent
547 2243 573 2329 3)
585 2243 809 2310 Plutarchum
823 2245 1059 2315 testimonium
1070 2245 1234 2328 Secundi,
1249 2248 1314 2334 qui,

194 2365 359 2444 utsupra
382 2357 650 2438 observavimus
674 2358 768 2424 haud
799 2359 902 2425 dubie
932 2357 1025 2427 idem
1057 2367 1107 2427 est
1136 2384 1178 2428 ac
1208 2362 1315 2428 Iulius

196 2474 382 2556 Secundus
407 2480 509 2539 notus
534 2495 595 2560 per
618 2474 727 2539 Taciti
751 2475 945 2561 Dialogum‚
970 2498 988 2541 e
1012 2477 1136 2564 scripto
1161 2478 1259 2544 fonte
1281 2479 1315 2543 in

194 2611 280 2677 opus
293 2612 394 2654 suum
406 2588 629 2655 transtulisse.
653 2589 719 2654 Sed
732 2591 848 2675 Lange
860 2591 886 2676 4)
911 2591 991 2655 satis
1004 2612 1175 2678 superque
1195 2614 1314 2659 eorum

193 2711 396 2790 argumenta
419 2704 590 2770 refutavit.
607 2704 664 2770 Nil
688 2705 783 2771 enim
802 2705 906 2770 efficit
926 2706 1017 2792 quod
1034 2705 1157 2771 Nissen
1175 2710 1313 2794 profert:

194 2818 429 2900 Plutarchum,
450 2818 533 2884 siah
552 2819 627 2905 ipso
647 2819 804 2885 Secundo
821 2842 860 2886 ea
880 2820 1073 2906 accepisset,
1084 2820 1160 2899 ἐμοὶ
1169 2821 1316 2905 ὁιηγεῑτο

195 2935 403 3021 scripturum
425 2935 538 3000 fuisse.
563 2936 668 3000 Porro
693 2935 792 3000 docet
817 2935 934 3020 Lange
961 2935 1053 3000 locos
1077 2936 1189 3002 Taciti
1202 2938 1250 3004 Il.
1265 2940 1315 3005 33.

198 3102 211 3130 „
219 3049 309 3116 Otho
322 3071 452 3136 pronus
469 3049 512 3114 ad
526 3049 804 3130 decertandnm''‚
817 3051 869 3115 lo.
886 3051 1022 3131 ,aderat
1035 3072 1115 3116 sane
1127 3052 1218 3118 eit-us
1229 3075 1315 3140 equo

197 3163 348 3229 Numida
374 3184 453 3228 cum
476 3162 648 3229 atrocibus
672 3163 854 3246 mandatis,
883 3164 1007 3250 quibus
1031 3152 1122 3231 Otho
1146 3167 1316 3255 increpita

199 3278 326 3344 ducum
357 3278 502 3364 segnitia
532 3301 606 3343 rem
636 3279 673 3343 in
705 3278 889 3344 discrimen
921 3279 1012 3345 mitti
1040 3279 1191 3362 iubebat,
1217 3304 1317 3368 aeger

196 3408 292 3459 mora
316 3399 349 3458 et
368 3394 440 3480 spei
460 3394 664 3480 impatiens'’
689 3416 774 3481 quos
792 3396 901 3476 Peter,
926 3396 1120 3461 Mommsen
1141 3417 1224 3462 cum
1244 3397 1316 3464 loco

230 3546 327 3609 1)1.1.
348 3562 406 3611 pgg.
427 3545 469 3609 55,
489 3545 530 3598 56.

229 3641 256 3705 2)
276 3643 353 3693 Hanc
376 3642 530 3693 sententiam
554 3642 647 3693 Lenius
670 3643 686 3692 l.
711 3642 727 3693 l.
751 3660 792 3709 pg.
819 3644 877 3695 157.
898 3642 956 3693 adn.
978 3644 1000 3694 1.
1019 3643 1163 3710 impugnat.
1184 3644 1318 3713 Opinatur

194 3740 350 3806 colloquium
368 3739 437 3790 inter
456 3738 623 3791 Plutarchum
643 3746 669 3790 et
687 3739 803 3803 Florum,
823 3739 867 3805 qui
887 3739 1003 3806 privatus
1019 3739 1087 3792 inter
1106 3739 1222 3795 Othonis
1241 3745 1318 3796 comi-

194 3846 232 3889 tes
251 3837 360 3888 Brixelli
378 3837 538 3900 remanserit,
553 3837 581 3887 in
595 3835 736 3888 levioribus
748 3844 850 3888 tantum
864 3837 940 3888 rebus
959 3844 1090 3889 versatum
1109 3854 1173 3889 esse.
1188 3839 1245 3892 Sed
1258 3842 1320 3893 haec

194 3952 271 3986 causa
293 3935 330 3985 nil
348 3935 424 3985 valet.
450 3935 534 3985 Immo
557 3933 699 3984 obscuritas
721 3934 749 3984 in
772 3934 928 4000 proeliorum
952 3934 1099 3985 narratione
1118 3952 1177 3986 mea
1195 3939 1321 4004 opinione

193 4031 288 4097 partim
307 4031 368 4082 inde
386 4031 538 4098 explicanda
556 4031 682 4098 estquod
700 4032 794 4082 Florus
812 4031 905 4097 pugnis
924 4048 976 4082 non
994 4031 1118 4083 interfuit.

231 4129 257 4194 3)
278 4129 361 4180 Peter.
380 4129 397 4178 l.
417 4129 433 4179 l.
453 4146 495 4195 pg.
515 4127 557 4180 4‘2.
578 4129 731 4180 Mommsen.
751 4129 768 4179 l.
788 4129 804 4179 l.
825 4146 866 4194 pg.
886 4127 945 4180 3‘21.
966 4128 1068 4179 Nissen.
1088 4128 1104 4180 l.
1124 4129 1140 4180 l.
1161 4147 1205 4196 pg.
1228 4133 1291 4187 cot.

231 4225 258 4291 4)
278 4226 294 4276 l.
314 4225 331 4276 l.
351 4243 409 4291 pgg.
431 4225 542 4276 rt-—lst
