3038 5190
753 535 775 598 9

205 722 310 788 locale
333 721 496 807 Farbung
526 722 586 787 der
617 721 814 807 Erzahlung
835 721 872 786 in
904 721 982 787 dem
1013 721 1187 787 Verfasser
1217 721 1317 787 einen

206 836 452 904 Oberitaliener
475 836 665 902 errathen.''
689 874 733 885 -
758 835 977 918 „Siebentens
1003 837 1123 902 treffen
1147 836 1207 902 wir
1229 836 1318 902 auch

204 951 401 1020 wesentlich
432 950 579 1017 dieselbe
610 950 944 1036 Darstellnngsweise
966 951 1004 1016 in
1031 952 1099 1017 den
1129 950 1318 1017 Plutarchi·

204 1067 308 1134 schen
331 1067 562 1153 Biographien
585 1066 657 1132 und
681 1066 742 1132 der
764 1065 1068 1152 Naturgeschichte
1090 1066 1168 1133 an.''
1192 1068 1217 1154 1)

248 1184 317 1248 Nec
341 1181 424 1269 quid
448 1181 529 1248 certi
550 1181 702 1247 efficiunt
719 1181 785 1247 hae
808 1203 928 1248 causae
948 1183 1106 1263 „Erstens
1122 1182 1167 1246 ist
1184 1181 1317 1248 Plinius

204 1297 376 1384 derjenige
399 1296 649 1378 Schrittsteller‚
673 1297 818 1364 welcher
840 1303 941 1363 unter
963 1296 1055 1362 allen
1078 1318 1143 1362 uns
1166 1289 1319 1362 bekann-

203 1413 364 1479 tendam
394 1412 557 1479 Plutarch
586 1413 648 1479 wie
680 1413 817 1479 Tacitus
849 1412 921 1478 sich
952 1434 1008 1479 am
1039 1411 1212 1478 Nachsten
1242 1412 1318 1478 dar-

203 1526 262 1593 bct
286 1580 292 1592 .
319 1580 327 1593 .
352 1579 359 1593 .
384 1579 391 1592 .
416 1527 463 1591 Er
485 1527 530 1592 ist
547 1527 608 1593 der
625 1528 764 1613 sineigs,
788 1528 832 1594 da
851 1527 1009 1594 Messalla
1031 1526 1130 1592 nicht
1147 1527 1185 1592 in
1208 1527 1316 1611 Frage

202 1641 347 1722 kcmmt,
364 1642 424 1707 der
443 1641 638 1729 uberhaupt
653 1663 722 1710 von
739 1631 876 1709 Tacitus
892 1642 941 1708 als
958 1641 1077 1720 Quelle
1094 1641 1185 1708 citirt
1200 1642 1316 1708 wird.''

202 1757 253 1827 (T.
277 1757 322 1823 H.
347 1756 490 1844 11128.)
521 1757 694 1839 Oonced0;
722 1757 875 1824 Plinium
899 1757 1019 1824 saltem
1044 1764 1133 1824 certe
1156 1758 1317 1824 novimus

202 1879 367 1958 tempora,
400 1872 442 1938 de
473 1871 598 1958 quibus
628 1872 685 1938 hic
715 1873 837 1958 agitur,
869 1894 969 1959 opere
1000 1889 1060 1938 sue
1090 1877 1250 1938 tractasse
1280 1875 1316 1960 2),

201 1986 295 2073 qued
320 1986 362 2052 de
386 1987 507 2055 Cluvio
530 1992 633 2074 atque
652 1986 809 2053 Messalla
832 1987 900 2052 dici
923 1992 1136 2084 nonppctest.
1157 1986 1223 2053 Sed
1245 2009 1316 2053 nen

200 2101 328 2171 idcirco
346 2101 405 2168 ille
427 2102 550 2167 unicus
568 2102 828 2189 communisque
847 2103 923 2167 fons
944 2102 1017 2168 fuit.

250 2216 432 2297 „Zweitens
465 2223 558 2304 passt
592 2217 647 2283 die
678 2217 918 2304 Bezeichnung
951 2217 1001 2284 als
1032 2217 1218 2285 flavischen
1253 2217 1317 2283 Ge·

200 2330 508 2397 schichtschreiber
541 2333 602 2398 auf
632 2332 695 2397 ihn
729 2331 969 2400 vort1·efflich.''
1004 2330 1054 2419 (T.
1090 2333 1135 2398 H.
1172 2332 1208 2397 ΙΙ
1240 2333 1313 2397 101.

203 2446 475 2533 „Scriptores
497 2452 702 2532 temporum,
724 2447 783 2534 qui
802 2447 1002 2534 potiente
1025 2469 1157 2513 rerum
1173 2447 1316 2514 Flavia

201 2560 325 2627 domo
356 2562 569 2628 monimenta
599 2562 681 2629 belli
711 2562 852 2628 huiusce
882 2567 1162 2650 composuerunt,
1197 2583 1315 2628 curam

200 2676 294 2763 pacis
317 2681 350 2742 et
372 2698 524 2742 amorem
547 2677 596 2742 rei
623 2675 781 2764 publicae
812 2683 987 2765 corruptas
1016 2678 1055 2742 in
1077 2677 1311 2744 adulationem

200 2813 318 2858 causas
337 2791 552 2879 tradidere.'')
576 2788 639 2859 lta.
659 2793 800 2875 Verum,
821 2799 859 2859 ut
878 2794 993 2879 Lange
1013 2793 1034 2859 l.
1051 2794 1073 2859 l.
1091 2815 1146 2880 pg.
1167 2794 1210 2858 39
1225 2798 1314 2858 recte

200 2905 367 2988 observat,
392 2907 529 2973 Tacitus
553 2929 623 2972 non
648 2909 871 2996 scriptorem,
892 2907 950 2973 sed
970 2909 1163 2995 scriptores
1186 2907 1313 2989 scribit,

202 3028 241 3088 ut
264 3043 482 3109 nequaquam
506 3023 614 3089 Taciti
637 3022 743 3091 verba
765 3023 810 3089 ad
840 3023 951 3089 selum
980 3022 1134 3088 Plinium
1164 3028 1316 3109 spectare

203 3138 315 3224 putari
335 3138 444 3204 liceat,
471 3139 657 3219 „Fdnftens
676 3139 813 3206 werden
832 3140 870 3205 in
896 3139 956 3204 der
980 3139 1183 3205 Geschichte
1207 3138 1315 3204 dieser

202 3252 308 3319 Jahre
332 3253 386 3319 die
410 3252 607 3320 Gallischen
630 3254 820 3322 Provinzen
843 3254 907 3319 mit
932 3276 1018 3340 gana
1048 3253 1316 3322 unverhitltniss-

203 3367 365 3452 missiger
396 3367 691 3434 Ausfiihrlichkeit
713 3367 785 3433 und
810 3369 1036 3455 Genauigkeit
1058 3368 1244 3435 behandelt
1266 3368 1315 3433 im

145 3490 154 3496 '
203 3482 385 3568 Vergleich
407 3505 447 3548 zu
470 3481 683 3565 Pan‘noniem
714 3483 874 3571 Spanien,
899 3483 1024 3565 Africa,
1055 3483 1133 3549 dem
1164 3483 1314 3550 Orient.''

240 3703 266 3765 1)
284 3701 403 3768 Longum
426 3710 465 3754 est
486 3703 581 3766 emnia,
600 3720 667 3770 quae
684 3710 773 3755 contra
791 3704 941 3756 Nissenium
959 3703 1089 3770 disputata
1107 3709 1174 3767 sunt,
1193 3703 1314 3770 proferre.

204 3796 256 3861 Qui
275 3797 339 3850 scire
361 3798 475 3865 cupiunt,
498 3798 651 3866 inspiciant:
674 3799 770 3867 Lange.
793 3801 810 3853 l.
830 3801 846 3852 l.
866 3818 923 3867 pgg.
948 3799 1060 3853 38-46.
1080 3799 1165 3851 Baier.
1184 3799 1201 3850 l.
1220 3800 1236 3850 l.
1256 3816 1314 3866 pgg.

205 3894 316 3959 10-13‚
339 3893 382 3959 25,
405 3894 448 3950 26.
473 3895 738 3948 Animadvertendum
761 3905 799 3950 est
816 3897 966 3950 Nissenium
989 3914 1036 3949 sua
1053 3904 1204 3964 argumenta
1221 3896 1315 3964 partim

202 4008 366 4058 nequaquam
384 3991 498 4045 stabilire
515 3992 610 4058 conari,
629 3993 666 4045 ita
685 4000 714 4045 ut
731 3995 801 4046 nuda
819 3995 906 4059 verba,
924 4011 977 4046 non
995 3994 1148 4046 documenta
1165 3994 1226 4046 sint.

238 4088 266 4156 2)
285 4088 324 4140 Cf.
349 4090 700 4144 anacronismum.
719 4091 825 4144 Tacitus
843 4092 965 4145 Annales.
985 4092 1055 4143 Aufl.
1074 4091 1099 4145 8.
1124 4091 1214 4143 Berlin
1238 4090 1315 4145 1884.

204 4186 361 4254 Einleitung‚
381 4205 422 4255 pg.
441 4186 483 4240 28.
