3038 5190
432 1378 504 1450 DE
536 1373 845 1448 FONTIBUS.

534 1674 729 1682 .———-—-

127 1882 306 1951 Saeculum
335 1887 491 1948 nostrum
520 1880 749 1966 investigandi
781 1885 814 1945 et
843 1880 1056 1946 diiudicandi
1086 1885 1196 1946 tanto-

82 2020 163 2086 pere
186 1998 350 2085 cupidum
381 1995 556 2062 Plutarchi
587 1996 676 2063 vitas
705 1995 834 2062 Galbae
857 2001 890 2061 et
914 1995 1060 2062 Othonis
1089 1996 1196 2062 haud·

83 2134 257 2200 quaquam
291 2112 436 2177 intactas
466 2111 613 2197 reliquit.
647 2109 692 2175 At
715 2110 807 2175 enim
838 2116 934 2176 tanta
963 2110 1132 2176 industria
1165 2116 1198 2175 et

56 2248 59 2253 ·
82 2227 264 2313 sagacitate
284 2244 362 2292 cum
383 2225 449 2292 viri
473 2224 669 2306 doctissimi,
693 2228 767 2289 tum
791 2224 942 2306 studiosi,
967 2246 1118 2290 summos
1139 2225 1199 2290 ho-

82 2364 182 2409 nores
212 2343 249 2407 in
271 2339 432 2408 facultate
459 2340 624 2406 litteraria
654 2339 849 2421 assecuturi,
879 2339 1138 2426 inquisitionem
1161 2339 1199 2404 in

84 2457 208 2524 harum
232 2457 381 2524 vitarum
404 2456 515 2520 fontes
532 2455 763 2536 instituerunt,
787 2460 919 2520 utrem
942 2454 1068 2521 factam
1089 2455 1199 2520 facere

81 2573 221 2638 fortasse
235 2571 392 2638 videatur
411 2570 525 2635 denuo
543 2570 634 2636 hanc
653 2570 888 2656 quaestionem
907 2568 1083 2654 attingere.
1105 2568 1200 2635 Atta·

83 2707 165 2751 men
188 2706 315 2770 magna
338 2684 507 2750 discordia
529 2685 619 2750 inter
640 2684 798 2750 homines
814 2685 940 2766 doctos,
964 2684 1072 2750 alium
1094 2683 1198 2750 aliam

83 2799 288 2866 sententiam
312 2799 530 2885 proferentes,
554 2820 618 2864 nec
648 2799 764 2863 minus
794 2804 1074 2884 argumentorum
1102 2799 1199 2884 copia

83 2921 172 2981 recte
192 2913 320 2983 falsove
336 2913 520 2980 allatorum
542 2934 597 2978 me
621 2912 807 2980 commovit
824 2913 1026 2981 utbreviter
1048 2914 1200 2980 diversos

83 3034 226 3097 eventus
242 3050 435 3115 causasque,
461 3049 545 3114 quas
564 3034 717 3094 auctores
736 3027 780 3093 ad
804 3048 881 3093 suas
904 3028 1047 3114 quisque
1067 3034 1200 3094 senten-

83 3144 149 3210 tias
172 3143 366 3230 probandas
396 3142 590 3224 habuerint,
622 3164 839 3229 exponerem.
864 3142 997 3208 Deinde
1021 3143 1199 3209 ostendam

83 3279 172 3345 quae
194 3258 310 3345 opinio
334 3257 420 3323 mihi
443 3257 614 3343 imprimis
638 3258 787 3324 arrideat
809 3257 960 3344 quidque
977 3259 1197 3324 statuendum

83 3372 127 3438 de
143 3372 317 3439 Plutarchi
333 3371 485 3438 fontibus
509 3393 675 3438 censeam.

128 3487 199 3553 Neo
223 3487 404 3574 quisquam
428 3487 580 3568 miretur,
600 3488 629 3552 si
652 3489 737 3554 forte
753 3510 809 3554 me
831 3487 976 3555 subinde
1000 3489 1120 3554 eadem
1141 3510 1199 3556 vo·

84 3601 206 3669 cabula
233 3623 397 3688 usurpare
419 3601 475 3669 vel
498 3602 718 3668 Latinitatem
744 3624 816 3669 non
838 3602 882 3669 ab
905 3604 1000 3669 omni
1023 3610 1119 3690 parte
1142 3625 1200 3690 po·

83 3715 182 3804 litam
199 3736 270 3781 esse
285 3712 546 3783 animadvertat.
563 3716 606 3781 In
619 3715 814 3782 difficilibus
825 3716 1081 3803 quaestionibus
1098 3717 1200 3783 extri-

84 3830 203 3896 candis
218 3830 340 3897 Latine
364 3808 601 3896 conscribendi
620 3831 817 3897 necessitate
840 3852 1084 3918 saepenumero
1104 3829 1199 3920 prae·

84 3944 255 4032 pedimur,
278 3950 316 4011 ut
336 3950 425 4010 recte
441 3945 511 4010 iam
534 3945 669 4011 monuit
691 3947 736 4012 H.
760 3947 897 4012 Haurr.
921 3947 948 4032 1)

122 4113 148 4178 1)
166 4111 259 4164 Philol.
283 4111 448 4162 Rundschau.
472 4111 487 4161 Ι
509 4129 568 4178 pgg.
593 4112 653 4176 957,
676 4112 737 4178 958,
760 4112 805 4164 ubi
828 4112 860 4164 de
884 4113 978 4180 Langii
996 4113 1055 4166 diss.
1074 4122 1163 4182 postea
1179 4116 1197 4166 l.

85 4207 145 4274 agit.
165 4208 268 4274 „Wenn
287 4208 333 4260 der
351 4208 416 4260 Veri
417 4247 529 4260 .....
549 4209 638 4260 seinen
660 4209 846 4261 interessenten
870 4210 938 4262 storf
955 4211 1025 4263 nicht
1043 4212 1149 4279 gehbrig
1166 4228 1198 4263 zu

1046 4299 1064 4359 1
