3038 5190
720 533 785 597 108

193 722 258 804 vel,
284 723 375 810 quod
398 723 528 805 malim,
553 722 748 805 delendum,
772 729 890 809 utpote
916 724 1085 790 insertum
1109 723 1162 790 ab
1197 724 1328 811 aliquo,

194 839 253 925 qui
275 859 412 904 sensum
435 860 506 905 non
529 839 749 926 perspexerit.

239 1031 297 1099 Oa
328 1033 411 1098 .11.

234 1048 485 1224 ὁὸὲΡΚαικίνας
500 1183 534 1192 -
551 1143 723 1207 ἀπολιπὼν
737 1145 785 1208 τά
805 1124 1003 1228 &pyrinei
1023 1143 1098 1208 τὸν
1121 1144 1328 1224 ποταμὸν

193 1255 276 1341 ἡκεν
296 1260 345 1339 εἰς
365 1258 404 1322 τὸ
426 1257 665 1341 στρατόπεὸον.

240 1374 288 1441 of.
320 1396 393 1461 oap.
426 1376 478 1441 10.
511 1373 653 1453 τοῦμὲν
674 1371 819 1436 Καικίνα
839 1374 1043 1456 ζευγνύντος
1063 1374 1128 1456 τὴν
1152 1372 1325 1455 ὁιάβασιν.

193 1489 271 1555 Tae.
295 1489 341 1554 H.
366 1489 411 1555 Π.
435 1489 488 1556 47.
515 1488 716 1570 „Caecinam
740 1489 834 1576 operi
857 1491 971 1576 pontis
986 1490 1228 1556 intentum—
1243 1491 1324 1557 Cae·

193 1603 270 1670 eina
292 1604 446 1671 revectus
468 1604 505 1669 in
528 1604 669 1670 eastra.'’
702 1604 812 1690 Igitur
834 1602 875 1666 τά
896 1603 981 1686 ἔργα
1000 1605 1056 1667 καί
1076 1602 1141 1667 τὸν
1163 1605 1323 1685 ποταμόν

193 1717 428 1806 hendiadyoin
458 1718 658 1785 habendum
684 1724 753 1800 aut,
778 1718 869 1806 quod
891 1718 964 1786 veri
992 1717 1141 1784 similius
1166 1719 1321 1801 videtur,

195 1832 236 1895 τά
257 1832 344 1915 ἔργα
365 1832 413 1895 τά
433 1833 539 1896 κατά
560 1832 620 1896 τὸν
640 1832 791 1913 ποταμόν
812 1833 1052 1920 corrigendum
1073 1838 1136 1900 est.

240 2043 297 2112 Oa
328 2093 336 2112 .
360 2047 414 2112 15.
906 2098 908 2104 1

235 2061 443 2223 ΙΙισῗεύσατε
469 2157 638 2240 πολλάκις,
666 2158 717 2222 ὅτι
743 2157 886 2238 ὁύναμαι
912 2157 1052 2222 πάλλον
1079 2157 1276 2224 ἀποθανεῖν
1297 2162 1317 2242 ἠ

195 2272 320 2354 άρχειν.

239 2389 335 2456 Ηεεο
357 2410 440 2456 sana
464 2411 534 2455 non
550 2411 620 2456 esse
636 2410 738 2455 nemo
756 2411 828 2455 non
853 2389 955 2457 videt.
979 2388 1125 2456 Solanus
1146 2391 1316 2459 coniecit:

195 2504 401 2580 πιστεύσατε,
432 2503 593 2584 πολλάιιις
621 2506 696 2585 περί
723 2504 844 2568 τούτου
881 2502 1131 2586 ὁιανενονῃιένῳ
1165 2506 1226 2575 vel
1265 2507 1315 2571 ὅτι

195 2617 355 2699 πολλάκις
381 2620 531 2701 ἡγοῦμαι,
569 2621 708 2687 Reiske:
742 2618 902 2700 πολλάκις
936 2617 1218 2702 (διισχυριζομένῳ
1255 2621 1314 2696 ὅτι,

196 2735 334 2822 Hardy:
358 2734 564 2809 πιστεύσατε,
585 2734 636 2798 ὅτι
656 2733 825 2815 πολλάκις.
856 2734 1086 2800 Bernardakis
1110 2737 1315 2823 transponit

195 2848 355 2930 πολλάκις
381 2856 458 2937 post
486 2849 635 2913 κάλλιον.
670 2851 718 2918 of.
748 2851 787 2918 G.
816 2850 858 2916 25
892 2847 1053 2930 πολλάκις
1081 2849 1311 2914 ἀπολωλέναι.

196 2966 366 3053 Equidem
393 2965 567 3032 lenissima
593 2967 782 3034 mutatione
809 2966 1029 3033 scribendum
1050 2987 1230 3054 propono:
1258 2987 1312 3029 πι-

195 3080 408 3144 στεύσετε.
434 3081 605 3163 „Oredetis
630 3084 769 3149 fortasse
799 3082 976 3169 pulchrius
1002 3082 1090 3149 mori
1120 3103 1176 3148 me
1210 3103 1309 3170 posse

194 3216 299 3282 quam
321 3196 521 3284 imperare.''
1238 3196 1243 3203 ’

238 3387 334 3469 cap.
358 3391 415 3457 16.

234 3510 304 3582 τοϊς
325 3500 364 3564 ὁὲ
381 3503 433 3585 μὴ
464 3512 666 3584 παροῦσιν
694 3505 750 3591 (so.
786 3504 1009 3592 senatoribus)
1039 3501 1228 3567 ἐπέστελλε
1249 3505 1304 3590 (so.

193 3615 297 3706 Otho)
330 3619 385 3680 καί
401 3618 581 3700 γράμματα
601 3619 685 3701 πρὸς
705 3619 766 3700 τάς
786 3618 908 3700 πόλεις,
936 3619 1028 3699 ὅπως
1046 3617 1304 3698 παρακομισάά

195 3745 247 3794 σιν
266 3733 409 3814 ἐντίμως
429 3736 484 3797 καί
500 3735 587 3815 μετά
608 3733 804 3816 ἀσφαλείας.

237 3849 320 3915 Βοά.
344 3849 463 3916 habet:
489 3859 558 3930 τοις
578 3859 750 3932 παροῦσιν.
774 3849 915 3916 Summo
938 3854 1052 3916 autem
1081 3848 1158 3914 iure
1180 3849 1304 3936 Hardy

193 3961 349 4031 observat
371 3965 504 4032 nullam
526 3988 663 4033 oausam
687 3987 757 4032 esse
779 3987 840 4031 our
862 3963 1074 4031 senatoribus
1099 3963 1302 4032 absentibus
1321 3972 1326 3979 '

191 4076 322 4145 litterae
338 4080 381 4145 ad
401 4081 589 4168 municipia
605 4083 830 4148 mitterentur.
850 4081 1027 4147 Senatores
1043 4078 1193 4146 Othonis
1209 4081 1304 4147 iussu

193 4192 314 4259 abiisse
331 4200 472 4281 apparet
489 4217 516 4262 o.
533 4198 575 4262 16
587 4197 666 4278 τούς
676 4217 713 4260 τε
727 4195 847 4279 φίλους
860 4193 1020 4260 ἐκέλευεν
1029 4193 1307 4261 ἀπαλλάττεσθαι
