3038 5190
741 532 782 596 63

200 726 302 792 affert
326 726 361 791 O.
393 724 468 790 Dio.
501 724 554 803 56,
588 724 641 804 29,
673 722 731 788 ubi
764 727 922 788 narratur
954 721 1030 787 Ser.
1064 720 1223 809 Apuleio,
1249 723 1325 788 Sex.

202 840 368 927 Pompeio
399 860 490 906 cons.
515 839 537 904 i.
562 860 589 904 e.
614 841 650 903 a⁰
673 839 716 902 14
739 861 771 924 p.
797 838 833 902 C.
858 860 892 902 n.
925 835 1072 904 Galbam
1103 844 1219 923 togam
1249 838 1328 905 viri-

203 954 273 1021 lem
304 955 534 1041 assumpsisse.
568 954 622 1018 Ex
653 953 719 1018 hoc
750 952 824 1018 loco
854 959 953 1039 putat
984 953 1071 1018 effici
1102 953 1216 1039 potius
1243 955 1280 1018 οὓ
1307 956 1327 1018 3

203 1093 310 1157 quam
333 1073 369 1138 a⁰
391 1070 411 1133 5
436 1068 582 1136 Galbam
598 1076 718 1136 natum
735 1091 815 1150 esse,
833 1069 924 1156 quod
940 1069 1010 1142 fere
1033 1090 1166 1134 annum
1190 1074 1326 1134 sextum

204 1186 378 1252 decimum
400 1191 539 1270 agentes
561 1184 711 1251 Romani
734 1183 965 1251 adolescentes
980 1190 1094 1269 togam
1120 1182 1255 1250 virilem
1279 1205 1329 1248 as-

205 1322 339 1367 sumere
361 1300 519 1382 solerent,
543 1306 717 1387 praeterea
737 1299 779 1365 de
796 1297 907 1366 Galba
924 1298 1106 1364 Suetonius
1130 1300 1169 1365 G.
1195 1301 1225 1364 6.
1251 1299 1328 1364 scri-

204 1415 280 1483 bat:
307 1414 527 1497 „Honoribus
556 1421 636 1482 ante
667 1415 861 1500 legitimum
891 1419 1028 1500 tempus
1057 1414 1184 1480 initis.''
1214 1413 1327 1500 Atque

205 1530 284 1618 plus
305 1531 385 1597 fidei
409 1530 562 1597 Suetonii
586 1535 618 1596 et
651 1529 757 1595 Cassii
789 1529 911 1595 Dionis
934 1528 1179 1595 traditionibus
1201 1528 1329 1595 haben-

206 1652 292 1717 dum
315 1656 439 1732 censet,
462 1673 542 1716 cum
564 1670 674 1716 annos
691 1648 880 1724 nativitatis
897 1654 929 1714 et
952 1648 1125 1715 virilitatis
1148 1648 1328 1715 consulum

205 1765 405 1831 nominibus
427 1764 591 1831 indicent.
615 1764 704 1829 Item
728 1764 858 1830 Gorau
881 1764 907 1850 1)
930 1785 1064 1829 annum
1088 1762 1218 1830 Galbae
1242 1763 1330 1829 nati-

205 1880 322 1947 vitatis
344 1881 444 1967 ponit
465 1883 501 1947 a⁰
523 1883 553 1946 3.
577 1879 777 1946 Notandum
794 1885 844 1944 est
866 1899 1001 1964 semper
1020 1878 1120 1943 illum
1144 1898 1329 1944 numerum

206 1997 249 2063 73
273 1995 315 2061 de
339 1994 449 2062 Galba
472 2017 552 2061 senc
575 2015 759 2060 occurrere.
787 1992 903 2058 Minus
930 1999 1085 2059 accurate
1110 1991 1214 2059 habet
1237 1992 1327 2058 Suet.

206 2111 297 2175 Nero
319 2111 372 2176 40.
399 2111 467 2191 „Ut
488 2131 579 2190 vero,
604 2108 758 2174 consulto
774 2106 919 2193 Delphis
936 2106 1109 2193 Apolline,
1127 2107 1330 2193 septuagesi-

205 2248 304 2291 mum
326 2248 366 2292 ac
380 2226 520 2291 tertium
543 2246 675 2291 annum
699 2223 894 2291 cavendum
910 2222 976 2288 sibi
991 2222 1125 2289 audivit
1141 2222 1198 2308 (sc.
1215 2222 1328 2308 Nero),

206 2341 304 2427 quasi
317 2363 356 2406 eo
368 2340 509 2406 demum
522 2340 686 2421 obiturus,
700 2362 740 2424 ac
756 2338 845 2405 nihil
862 2338 1057 2404 coniectans
1074 2337 1116 2404 de
1128 2344 1237 2404 aetate
1251 2336 1329 2404 Gal-

204 2457 280 2537 bae,
292 2462 388 2522 tanta
399 2455 525 2521 fiducia
533 2494 577 2504 —
586 2455 741 2541 concepit
751 2454 949 2520 felicitatem
961 2460 1013 2518 ctc
1027 2454 1045 2483 '²
1058 2454 1177 2540 Neque
1189 2473 1328 2539 prorsus

204 2573 353 2638 accurati
377 2577 457 2637 sunt
487 2571 545 2637 hic
575 2571 668 2636 locus
699 2569 874 2636 Plutarchi
899 2576 931 2635 et
959 2569 1144 2656 Eutropius
1168 2568 1247 2636 VII.
1273 2569 1325 2634 16.

207 2686 317 2767 „Cum
348 2686 638 2772 septuagesimum
670 2691 702 2750 et
733 2684 872 2750 tertium
903 2706 1036 2751 annum
1059 2690 1174 2769 ageret
1197 2683 1326 2763 aetatis,

203 2800 250 2867 ab
274 2801 440 2888 Hispanis
463 2807 496 2867 et
521 2800 629 2867 Gallis
646 2800 832 2886 imperator
849 2798 1007 2865 electua''
1030 2799 1204 2879 Attamen,
1225 2804 1263 2863 ut
1279 2798 1328 2864 vi-

204 2917 332 2998 dimus,
353 2915 500 2982 Galbam
524 2915 644 2981 aetatis
667 2914 883 2981 annotertio
908 2922 941 2980 ct
967 2914 1217 3001 septuagesimo
1241 2934 1329 2977 mor-

204 3039 306 3097 tuum
321 3053 403 3112 esse,
420 3031 577 3097 omniurn
596 3031 634 3096 in
658 3036 774 3096 mente
790 3029 962 3096 haerebat.
980 3029 1093 3116 Atque
1109 3029 1194 3095 haec
1211 3028 1328 3094 omnia

204 3146 316 3233 pluris
346 3167 451 3232 quam
482 3167 592 3210 unum
623 3144 723 3210 illum
755 3144 908 3211 Suetonii
938 3144 1053 3210 locum
1080 3145 1232 3210 aestimo.
1258 3143 1329 3209 Aut

203 3261 296 3326 Suet.
322 3260 362 3326 G.
384 3260 405 3325 4
427 3281 533 3346 prave
554 3259 709 3325 ccnsulcs
732 3259 826 3339 anni,
851 3281 918 3345 quo
943 3257 1053 3325 Galba
1077 3266 1177 3324 natus
1201 3266 1260 3340 est,
1284 3259 1328 3325 ci-

203 3376 292 3442 tavit
322 3384 383 3442 aut
416 3375 557 3441 fortasse
580 3375 673 3440 idem
704 3373 754 3439 illi
788 3374 890 3441 etiam
922 3374 1103 3460 postremis
1134 3374 1218 3441 anni
1249 3374 1269 3438 5
1297 3396 1327 3440 a.

206 3491 244 3556 C.
267 3513 300 3556 n.
325 3489 501 3556 mensibus
524 3489 741 3555 consulatum
760 3495 946 3576 gesserunt.

255 3606 351 3687 Cap.
364 3609 402 3674 9.
421 3605 658 3692 Nymphidius
680 3604 784 3685 ἔργον
802 3604 868 3683 μὲν
889 3604 993 3666 αὑτοῦ
1010 3603 1120 3680 μόνον
1134 3604 1195 3685 τὴν
1211 3602 1328 3684 Νέρω-

207 3740 270 3800 νος
293 3718 657 3793 ancistro-narcara,
685 3715 775 3780 dota
804 3716 844 3780 ὁέ
872 3718 976 3799 αὐτῆς
997 3719 1038 3781 οὐ
1059 3718 1206 3797 νομίζων
1231 3717 1329 3779 ἱνανὰ

207 3833 419 3917 καρποῦσθαι
433 3832 494 3914 τὰς
515 3833 610 3914 τιμὰς
630 3835 686 3896 καὶ
706 3831 747 3895 τὰ
758 3834 916 3915 χρήματα
930 3832 1038 3895 καὶτὸ
1053 3814 1174 3912 Σπόρῳ
1189 3841 1249 3894 τοῦ
1264 3831 1329 3894 Νέ-

210 3969 324 4032 ρωνος
346 3947 597 4031 σογνοθεύὸειν,
619 3948 660 4011 ὃν
681 3988 714 3995 -
736 3948 775 4010 ἐν
792 3957 944 4029 γαμετῆς
960 3945 1030 4028 εἶχε
1051 3945 1143 4026 τάξει
1163 3948 1218 4008 καὶ
1239 3945 1329 4009 Ποπ-

211 4067 312 4128 ποίαν
332 4064 589 4146 προσηγόρευεν
613 4070 674 4130 etc.

250 4214 275 4278 1)
294 4211 328 4262 G.
347 4211 461 4262 Gom'.
481 4209 652 4276 Chrcnclogic
671 4208 703 4259 dc
721 4209 862 4275 L’Empire
880 4208 1000 4260 Romaiu.
1019 4208 1101 4261 Paris.
1117 4207 1192 4261 1891.
1213 4226 1254 4275 pg.
1269 4209 1311 4260 37.
