3038 5190
735 514 777 577 58

194 709 295 789 lasea,
321 707 479 794 proximo
501 705 611 792 capite
642 705 712 771 iarn
743 709 914 784 tractatos,
945 703 1009 767 hos
1042 708 1189 767 tentare
1218 700 1318 786 cupio.

586 874 701 943 VITA
725 874 924 941 GALBAE.

237 1050 334 1131 Cap.
346 1052 377 1118 l.
391 1046 480 1111 Ἠὸὲ
498 1056 569 1109 τῶν
586 1045 774 1126 Καισάρων
794 1046 896 1119 ἑστία,
912 1043 951 1108 τό
966 1042 1161 1118 Παλάτιον,
1178 1043 1221 1104 ἐν
1233 1039 1322 1103 cuo-

193 1179 267 1227 σονι
286 1164 402 1247 χρόνῳ
425 1165 486 1248 (scz
517 1164 634 1230 decem
659 1163 847 1250 mensibus)
871 1162 1041 1242 τέσσαρας
1064 1159 1321 1240 αὐτοκράτορας

191 1277 387 1359 ὑπεὸέξατο,
410 1277 554 1357 τὸνμὲν
574 1278 785 1359 εἰσαγόντων
815 1276 928 1357 ὥσπερ
958 1274 1011 1337 ὁιά
1040 1284 1187 1357 σκηνῆς,
1214 1273 1275 1337 τὸν
1297 1266 1322 1334 ό’

195 1393 401 1475 ἐξαγόντων.

239 1510 361 1597 Hardy
386 1511 483 1578 docet
505 1511 590 1576 haec
613 1509 719 1577 verba
745 1510 783 1574 in
806 1514 1002 1595 temporum
1025 1507 1206 1573 rationem
1230 1505 1317 1571 haud

195 1624 373 1712 quadrare.
395 1625 552 1712 Spatium
572 1625 665 1691 enim
690 1625 778 1690 inter
803 1623 949 1689 Neronis
968 1627 1118 1688 mortem
1143 1623 1206 1708 (m.
1224 1620 1317 1686 Iunio

195 1744 230 1806 αθ
260 1741 315 1827 68)
347 1747 380 1806 et
403 1738 533 1808 Vitellii
570 1741 759 1809 adventurn
794 1741 942 1806 Romam
977 1738 1035 1825 (m.
1071 1737 1167 1802 Iulio
1203 1738 1241 1803 a⁰
1270 1737 1317 1821 69)

194 1855 356 1921 tredecim
387 1877 520 1921 menses
544 1863 624 1921 sunt
646 1856 797 1941 itemque
819 1855 910 1920 inter
933 1851 1064 1919 Galbae
1087 1859 1241 1918 mortem
1265 1853 1315 1936 (m.

195 1970 355 2037 Ianuario
386 1974 422 2037 αθ
455 1973 510 2058 69)
545 1978 578 2036 et
612 1971 813 2057 Vespasiani
850 1970 1040 2036 adventum
1074 1968 1228 2033 Romam
1264 1969 1315 2050 (m.

195 2084 381 2152 Februario
405 2090 441 2152 αθ
461 2087 525 2174 70).
551 2088 652 2152 Putat
676 2093 790 2152 autem
814 2084 873 2151 ille
896 2083 1121 2150 Plutarchum
1143 2083 1183 2148 in
1208 2087 1316 2147 mente

194 2200 355 2269 habuisse
376 2203 524 2290 spatium
544 2203 635 2269 inter
652 2202 781 2269 Galbae
798 2202 988 2268 adventum
1005 2202 1156 2267 Romam
1175 2200 1316 2285 (autum-

196 2339 240 2382 no
264 2320 300 2384 αθ
323 2319 377 2405 68)
402 2325 434 2383 ct
455 2319 702 2406 Vespasianum
723 2319 967 2404 imperatorem
983 2314 1242 2381 consalutatum>
1263 2315 1315 2399 (m.
1348 2295 1350 2299 ’

195 2432 284 2498 Iulio
313 2436 348 2499 αθ
371 2435 436 2520 66).
462 2433 567 2499 Nobis
591 2434 731 2520 quidem
755 2433 891 2500 videtur
915 2431 1100 2497 Plutarcho
1124 2429 1169 2495 ob
1193 2428 1316 2494 -oculos

194 2552 367 2614 versatum
391 2568 461 2614 esse
482 2549 631 2634 aprutium
648 2548 737 2613 inter
754 2546 960 2633 Nymphidii
980 2543 1099 2610 Sabini
1116 2550 1262 2610 conatus
1276 2542 1315 2608 ad

194 2661 378 2748 iruperiurn
399 2663 605 2749 rapiendum
632 2664 810 2747 (autumno
834 2665 870 2727 αθ
897 2663 952 2748 68)
976 2666 1010 2726 et
1033 2658 1166 2728 Vitellii
1191 2659 1314 2725 adven·

194 2781 268 2842 turn
294 2777 622 2864 Rornanrlrn.1ulio
643 2781 678 2844 αθ
701 2779 765 2865 69).
784 2778 872 2842 Nam
890 2775 1146 2862 Nymphidium
1170 2774 1314 2860 impera·
1340 2821 1343 2828 -

195 2896 302 2957 toroni
330 2891 487 2958 nonnulli
512 2890 957 2973 consalutaturie1·ant,sed
977 2889 1101 2956 mediis
1124 2889 1162 2954 in
1189 2889 1314 2976 coeptis

194 3027 375 3093 ‹qrprossus
398 3014 456 3073 ost.
483 3008 597 3073 lltiarn
621 3008 667 3088 id,
693 3008 784 3094 quod
808 3006 1013 3072 Plutarchus
1037 3005 1214 3070 extensius
1233 3025 1313 3091 prae

193 3119 269 3186 aliis
296 3120 499 3207 Nymphidii
525 3143 577 3186 res
604 3122 774 3204 describit,
798 3122 921 3209 probat
943 3121 1001 3186 hic
1024 3120 1068 3186 ad
1089 3141 1171 3185 eum
1196 3119 1312 3186 alludi.

195 3234 273 3301 lluc
298 3234 437 3315 aer-ruit,
462 3237 552 3323 quod
578 3258 694 3303 sensus
718 3237 894 3303 Plutarchi
918 3235 1104 3304 uerborum
1125 3257 1198 3301 esse
1223 3235 1314 3303 vide·

194 3356 247 3417 tur·
272 3350 361 3416 iuba
381 3350 498 3417 ‹lecreur
519 3373 652 3418 aienses
675 3360 836 3439 ‹prattuor
853 3352 1063 3439 apparuisse,
1084 3351 1144 3437 qui
1167 3351 1314 3438 impera·

196 3473 282 3531 uuae
302 3464 513 3545 aursulutati,
533 3488 614 3531 rnox
639 3468 809 3554 suppressi
830 3468 906 3532 sint.
931 3467 1045 3552 Atque
1061 3466 1104 3531 de
1119 3465 1260 3532 Nerone
1284 3471 1314 3531 et

197 3579 405 3667 Vespasiano
434 3580 467 3647 ie
500 3581 566 3647 diei
593 3603 662 3647 non
687 3590 805 3669 potest.
830 3582 1010 3649 Habemus
1034 3603 1114 3668 ergo
1143 3581 1313 3668 Nymphi-

194 3692 300 3768 dium.
319 3716 421 3781 quun
440 3696 595 3762 nonnulli
616 3704 782 3763 autumno
802 3700 837 3764 αθ
857 3699 899 3762 68
913 3697 1104 3782 εἰσήγαγον,
1120 3697 1239 3762 statim
1255 3695 1312 3762 alii

192 3806 369 3893 όξιγαγων,
393 3809 550 3891 (lullum,
583 3812 698 3899 paullo
733 3819 809 3900 post
838 3813 876 3877 in
907 3812 1080 3879 Palatium
1110 3811 1311 3893 intrantem,

195 3944 295 4009 quun
329 3925 420 3991 (ltbo
444 3948 488 3994 ru.
518 3927 674 3994 Ianuario
697 3930 732 3994 αθ
755 3931 797 3993 (aa
819 3928 901 3993 inde
925 3928 1031 4008 eiecit,
1067 3927 1122 3993 cui
1153 3927 1314 3993 successit

195 4038 227 4105 iu
256 4038 383 4105 Palatio
408 4062 452 4108 ια.
488 4041 573 4108 lulio
608 4042 775 4123 Vitellius,
806 4044 921 4130 (igitur
948 4044 1040 4110 intra
1070 4042 1189 4109 decem
1221 4065 1314 4109 men-

192 4160 255 4233 ses)
281 4152 426 4221 irminam
453 4163 567 4243 postea
588 4157 691 4223 auam
716 4157 842 4245 pulsus.
