3038 5190
858 556 901 621 48

326 739 446 827 nisque
469 747 615 808 mortem
638 743 869 812 voluntariam
889 748 1030 815 evidens
1053 756 1112 817 est.
1136 752 1173 817 P.
1200 751 1243 820 Ο.
1272 754 1321 819 18
1345 754 1447 820 Taciti
1497 794 1500 801 ·

326 856 529 922 sententiam
552 858 686 944 repetit:
708 858 857 923 ἀπέθανε
878 859 917 923 ὁὲ
938 860 1115 926 '019er
1137 864 1324 929 ἀπολιπὼν
1349 865 1388 930 ὁέ
1404 869 1446 949 μὴ

321 969 480 1050 χείρονας
490 969 568 1052 μηδ’
591 970 754 1053 ἐλάττους
767 982 836 1036 τῶν
855 973 916 1037 τὸν
936 974 1011 1055 βίον
1033 978 1137 1040 αὐτοῦ
1157 979 1354 1061 ψεγόντων
1372 981 1446 1061 τούς

324 1081 551 1165 ἐπαινοῦντας.
579 1087 712 1153 Deinde
731 1087 968 1175 explicationis
985 1112 1086 1158 causa
1101 1092 1214 1160 addit:
1234 1091 1373 1176 βιώσας
1381 1095 1444 1176 γὰρ

325 1197 425 1262 οὐδέν
446 1200 691 1281 ἐπιεικέστερον
720 1199 884 1282 Νέρωνος
905 1202 1074 1268 ἀπέθανεν
1101 1207 1367 1290 εὐγενέστερον.
1391 1211 1442 1279 Vi-

324 1314 444 1381 demus
463 1316 685 1382 Plutarchum
708 1318 913 1384 sententiam
936 1320 1090 1386 aTacito
1106 1321 1253 1407 petitam
1279 1325 1441 1411 quodam-
1518 1359 1519 1380 ι

323 1430 425 1496 modo
447 1430 643 1517 explicasse,
673 1431 732 1497 sed
756 1433 871 1498 minus
893 1439 993 1514 recte,
1016 1433 1095 1500 licet
1118 1435 1196 1500 talis
1228 1440 1439 1526 comparatio

323 1565 393 1609 non
416 1544 600 1611 reiicienda
622 1545 675 1626 sit,
698 1545 806 1612 vitam
829 1568 869 1613 ac
891 1553 1038 1613 mortem
1062 1547 1209 1615 Othonis
1224 1551 1321 1619 inter
1337 1575 1373 1620 se
1388 1576 1439 1641 op-

322 1679 457 1745 ponere.
481 1659 571 1725 Nam
594 1680 662 1725 nex
686 1659 831 1741 Galbae,
857 1661 953 1727 cuius
983 1662 1134 1729 amicum
1157 1686 1192 1730 se
1215 1668 1340 1752 gessit,
1363 1691 1438 1756 prae

321 1772 460 1841 lascivia
476 1773 686 1861 mollitieque
698 1775 770 1840 eius
781 1775 969 1843 iuventutis
980 1777 1089 1844 multo
1101 1778 1307 1865 flagitiosius
1322 1790 1395 1850 erat
1405 1785 1436 1871 1).

365 1889 460 1955 Haec
479 1911 521 1956 ex
543 1890 595 1971 iis,
617 1911 704 1976 quae
721 1892 949 1958 communiter
967 1893 1109 1960 tradunt
1124 1895 1179 1961 vel
1197 1918 1352 1983 quorum
1368 1920 1436 1984 cog-

321 2004 414 2070 natio
437 2005 649 2091 perspicitur,
672 2004 716 2070 ad
740 2005 896 2071 Tacitum
921 2007 1097 2075 Plutarchi
1116 2015 1295 2077 auctorem
1319 2013 1436 2079 consti·

320 2119 487 2184 tuendum
509 2125 710 2205 argumenta
732 2121 848 2207 petivi.

363 2408 548 2494 Reliquum
572 2413 621 2474 est
643 2413 682 2474 ut
696 2408 910 2495 inquiramus
933 2409 1026 2475 unde
1042 2409 1248 2478 Plutarchus
1262 2435 1330 2497 res,
1345 2413 1434 2502 apud

320 2523 476 2589 Tacitum
499 2544 570 2588 non
593 2527 816 2603 occurrentes,
840 2522 1099 2610 deprompserit.
1124 2525 1282 2604 Quorum
1306 2528 1434 2595 addita-

318 2643 513 2704 mentorum
536 2676 579 2686 -
602 2642 640 2703 ut
662 2637 710 2704 ita
733 2637 845 2703 dicam
868 2638 1103 2724 -originem
1130 2640 1274 2707 diversis
1306 2644 1435 2729 generi·
1518 2683 1519 2712 l

318 2752 392 2835 bus,
416 2759 455 2819 ut
477 2773 646 2840 exponere
670 2753 824 2819 conaturi
852 2774 980 2845 sumus,
1004 2753 1214 2840 distinguere
1237 2777 1432 2843 possumus:

364 2869 407 2933 10.
443 2867 603 2954 Propriae
619 2867 872 2954 explicationes,
888 2867 1076 2954 opiniones,
1096 2870 1348 2954 adnotationes,
1368 2872 1434 2941 vel-

318 2989 372 3049 ut:
391 2982 430 3049 G.
452 2984 503 3048 24.
523 2982 566 3048 de
587 2981 732 3048 Othonis
747 2982 913 3048 ministris
928 2982 1064 3065 milites,
1088 3005 1236 3071 quorum
1258 2985 1347 3053 fides
1365 2987 1434 3054 iam

318 3103 444 3167 nutans
466 3103 547 3178 erat,
571 3095 877 3183 corrumpentibus:
899 3095 1022 3177 οὐγὰρ
1036 3094 1078 3178 ἦν
1094 3099 1232 3179 ἡμερῶν
1251 3101 1433 3183 τεσσάρων

318 3212 421 3295 ἔργον
434 3212 642 3294 ὑγιαίνοντος
656 3208 886 3291 στρατοπέόου
896 3220 1104 3293 μεταστῆσαι
1119 3214 1236 3289 πίστιν,
1247 3215 1295 3282 if.
1311 3217 1355 3283 de
1372 3216 1431 3282 mi·
1480 3298 1483 3303 Ι

318 3327 415 3394 liario
431 3348 546 3393 aureo:
560 3334 709 3408 χρυσοῦς
727 3327 818 3400 ulos,
833 3327 882 3406 εἰς
895 3324 936 3387 ὄν
955 3327 989 3402 οἱ
1004 3328 1205 3408 τετμημέναι
1219 3338 1280 3411 τῆς
1295 3328 1432 3411 Ἰταλίας

318 3440 394 3505 <idol
406 3451 506 3504 πᾶσαι
525 3440 736 3516 τελευτῶσιν.
749 3441 789 3508 G.
804 3444 856 3508 28.
879 3441 925 3507 if.
952 3437 1025 3501 ὁὸὲ
1038 3439 1141 3521 τόπος
1158 3440 1356 3524 Σεσσώριον
1376 3465 1431 3507 ua·

316 3565 430 3631 λεϊται.
454 3558 493 3623 G.
518 3558 574 3622 29:
595 3556 785 3622 maximam
815 3561 947 3643 partem
979 3576 1057 3621 suas
1080 3557 1122 3624 de
1146 3558 1257 3625 Galba
1279 3564 1431 3626 contem·

317 3673 484 3760 plationes
505 3670 618 3737 tradit.
643 3669 682 3737 0.
700 3672 729 3736 2.
746 3670 789 3736 de
805 3671 987 3757 Tigellino:
1009 3669 1178 3753 Ἐλελήῦει
1198 3671 1347 3754 μὲνγὰρ
1366 3671 1429 3754 slot]
1513 3727 1519 3754 ,

352 3844 377 3910 1)
397 3843 448 3896 Vel
465 3842 611 3895 Mommsen
629 3859 681 3893 non
698 3841 829 3908 perspexit
841 3842 904 3908 quid
919 3842 987 3908 „duo
999 3842 1129 3895 facinora’'
1144 3841 1194 3893 sibi
1211 3841 1302 3894 velint
1321 3843 1340 3894 l.
1353 3842 1372 3894 l.
1387 3859 1427 3910 pg.

316 3940 375 3994 316.
399 3940 438 3992 ad.
463 3939 524 3991 Tac.
548 3939 584 3990 H.
608 3939 639 3990 Il
661 3938 696 3992 50
719 3938 835 4004 „duobus
856 3938 1031 3992 facinoribus’'
1056 3946 1102 3991 etc.
1128 3938 1215 4004 „diese
1237 3939 1345 3991 letztere
1366 3939 1429 3991 Fas·

315 4054 381 4104 sung
394 4076 488 4089 .....
507 4037 541 4088 ist
560 4035 655 4101 falsch3
678 4036 746 4088 deun
769 4035 850 4088 durch
872 4035 948 4088 keinc
971 4036 1085 4088 einzelnc
1109 4035 1212 4087 Unthat
1231 4034 1278 4087 der
1301 4052 1364 4087 man
1387 4035 1429 4087 dic

315 4132 451 4186 Grossthat
469 4134 552 4186 seines
569 4132 654 4185 Todes
672 4140 882 4200 entgegensetren
900 4133 1003 4198 konnte,
1024 4133 1057 4185 ist
1074 4132 1157 4185 Othos
1176 4131 1273 4198 Leben,
1294 4131 1342 4185 das
1361 4149 1427 4199 gam

314 4230 430 4297 gemeine
447 4231 517 4283 eines
534 4231 619 4281 leeren
638 4229 691 4281 und
709 4233 805 4282 uiisten
824 4229 1006 4294 Hotadlichen,
1024 4229 1061 4280 im
1079 4229 1230 4281 Besondern
1252 4228 1428 4281 bezeichnct.'’
