3038 5190
738 561 830 625 89·

194 751 378 817 stenecker
401 752 426 839 1)
446 772 501 817 eos
516 752 706 838 impugnat.
724 752 902 839 Nusquam
920 751 1012 817 enim
1028 755 1238 816 memoratur
1257 749 1312 816 de·

200 865 344 931 ditionis
366 867 524 932 notitiam
548 867 591 932 ad
616 866 788 934 Othonem
814 858 1018 954 pervenisse.
1043 868 1219 933 Praeterea
1243 887 1313 931 om·

200 981 263 1047 nia
286 980 414 1046 dehac
437 1003 472 1046 re
502 982 698 1048 testimonia
721 981 930 1048 deditionem
952 987 1029 1068 post
1057 980 1202 1047 Othonis
1225 1001 1313 1046 mor-

199 1088 274 1160 tem
296 1096 420 1161 factam
447 1116 517 1161 esse
541 1095 786 1162 demonstrant.
817 1096 939 1162 Statim
962 1095 1004 1161 de
1026 1094 1154 1161 infelici
1177 1115 1312 1181 pugnae

200 1215 328 1277 eventu
352 1209 441 1276 Otho
461 1212 581 1277 certior
598 1212 706 1278 factus
725 1217 784 1293 est;
804 1212 843 1277 cf.
868 1211 946 1277 Tac.
964 1211 1008 1276 H.
1026 1210 1071 1276 ΙΙ.
1088 1210 1141 1276 46.
1157 1209 1204 1276 in.
1221 1209 1311 1276 Plut.

202 1324 244 1390 Ο.
272 1323 322 1389 15.
346 1324 392 1390 in.
417 1323 507 1390 Suet.
532 1325 571 1391 O.
597 1327 616 1390 9
642 1325 784 1407 ,Statim
808 1324 977 1391 moriendi
999 1324 1168 1410 impetum
1192 1323 1312 1410 cepit.''

203 1439 241 1505 O.
266 1439 341 1505 Dio.
367 1440 418 1505 64.
448 1440 500 1506 11.
528 1437 614 1503 Ἐπεὶ
635 1438 673 1503 dt
694 1442 725 1503 οἱ
745 1449 804 1503 τοῦ
825 1437 973 1519 Ὄθωνος
992 1437 1236 1520 ἐκρατήθησαν,
1257 1436 1313 1520 ἠγ·
1398 1431 1401 1437 ’

195 1550 296 1633 ysaie
313 1553 378 1632 μὲν
398 1553 513 1633 ἱππεύς
533 1573 582 1634 τις
602 1553 770 1634 τὸπάθος
790 1561 838 1634 τῷ
859 1552 987 1618 Ὀθωνι.
1014 1554 1147 1620 Deinde
1176 1552 1312 1635 milites,

200 1667 342 1749 amicos,
358 1666 525 1735 allocutus
540 1673 598 1751 est,
612 1668 762 1736 diversas
777 1690 829 1735 res
846 1669 1046 1756 composuit,
1058 1673 1313 1756 vesperascente

200 1783 260 1848 die
283 1784 468 1870 pugionem
490 1783 556 1850 sibi
575 1784 686 1871 elegit,
709 1806 829 1851 somno
853 1785 993 1872 quievit,
1016 1784 1178 1871 postridie
1202 1785 1315 1871 prima

200 1899 280 1964 luce
304 1919 337 1963 se
360 1898 536 1965 interfecit.
559 1899 607 1965 Of.
624 1899 704 1967 Tac.
721 1900 766 1966 H.
782 1899 828 1966 ΙΙ.
849 1900 990 1966 46-49.
1008 1899 1096 1966 Plut.
1115 1899 1153 1966 O.
1171 1899 1313 1966 15-17.

200 1996 905 2082 smwmcmmmm

250 2127 348 2207 Cap.
366 2129 424 2194 16.
441 2127 532 2194 Otho
556 2128 639 2194 dicit
663 2130 858 2211 Cocceian0,
882 2130 995 2196 fratris
1017 2129 1101 2195 filio:
1129 2127 1185 2190 Διά
1214 2135 1315 2190 τοῦτο

195 2241 271 2324 γὰρ
293 2239 372 2305 οὐδὲ
389 2240 509 2305 θέσθαι
529 2241 629 2305 παιὸα
649 2242 856 2324 βουλόμενος
870 2244 982 2318 αὐτόν,
997 2242 1072 2305 ἀλλ’
1087 2239 1315 2322 ἀναβαλέσθαι

200 2357 268 2438 την
288 2357 477 2439 εἰσποίησιν,
498 2357 590 2438 ὅπως
611 2359 772 2440 συνάρχοι
784 2361 1017 2441 κρατήσαντος
1031 2358 1143 2432 αι’ποθ,
1155 2357 1200 2439 μη
1215 2368 1315 2437 προσ-

201 2470 366 2535 απόλοιτο
393 2474 602 2554 πταίσαντος.

251 2587 376 2655 Olason
394 2587 415 2654 l.
444 2585 544 2675 lipg.
571 2591 621 2655 11.
645 2591 869 2657 Plutarchum
891 2591 957 2657 hoc
980 2590 1022 2656 de
1046 2611 1106 2655 suo
1132 2588 1312 2654 inseruisse

201 2702 377 2789 opinatur,
401 2725 480 2770 cum
503 2703 593 2771 Suet.
620 2704 658 2771 Ο.
684 2707 735 2773 10.
760 2712 876 2773 auctor
898 2707 942 2772 sit
972 2705 1144 2771 Othonem
1166 2702 1316 2769 Messali-

200 2839 290 2883 nam
313 2818 457 2885 Neronis
479 2803 698 2886 matrimonio
722 2821 920 2887 destinasse
943 2820 1080 2903 „Durch
1104 2820 1178 2886 eine
1201 2817 1317 2904 Adop-

201 2931 280 2998 tion
297 2930 378 2998 aber
393 2933 509 2999 wiirde
525 2955 560 2999 er
577 2934 687 3000 seiner
702 2935 844 3021 eigenen
861 2935 1024 3020 etwaigen
1041 2934 1316 3000 Nachkommen-

201 3051 316 3117 schaft
338 3051 375 3116 in
400 3053 467 3118 den
490 3055 576 3140 Weg
596 3060 748 3141 getreteri
767 3056 871 3121 sein.''
894 3056 1081 3136 Praeterea,
1101 3059 1140 3119 ut
1162 3052 1316 3119 animad-

202 3165 311 3233 vertit
332 3166 463 3233 Krauss
489 3167 511 3233 l.
542 3169 564 3235 l.
596 3192 651 3256 pg.
677 3170 729 3252 15,
754 3170 844 3237 Otho
868 3192 938 3236 non
962 3192 1001 3237 ea
1030 3174 1139 3236 aetate
1166 3172 1247 3251 erat,
1277 3171 1316 3233 ut

202 3280 405 3368 exemplum
425 3282 554 3350 Galbae
570 3284 723 3352 imitatus
738 3308 963 3352 successorem
980 3285 1125 3372 eligeret.
1144 3283 1316 3350 Othonem

204 3397 250 3462 do
282 3396 463 3483 adoptione
488 3398 664 3467 Cocceiani
694 3402 856 3488 cogitasse
888 3423 1024 3488 prorsus
1046 3399 1234 3467 absurdum
1257 3402 1315 3464 est.

208 3510 321 3581 Oredo
339 3511 572 3596 Plutarchum,
590 3520 628 3582 ut
650 3517 884 3583 testimonium
904 3515 1060 3584 benevoli
1080 3514 1225 3581 Othonis
1239 3534 1319 3599 erga

207 3626 436 3692 Cocceianum
445 3629 553 3694 animi
565 3631 669 3715 daret,
679 3633 743 3720 hoc
751 3632 940 3720 adoptandi
948 3631 1129 3698 consilium
1138 3628 1317 3696 effinxisse.

254 3741 351 3821 Cap.
368 3742 420 3810 17.
437 3750 532 3810 XVII.
554 3745 634 3828 Ἠὸη
657 3745 695 3810 ὁὲ
716 3748 861 3828 ἑσπέρας
884 3746 987 3827 οὔσης
1002 3744 1152 3828 ἐδίψησε,
1166 3746 1221 3806 καὶ
1234 3743 1319 3805 πιὼν

206 3861 326 3944 ὀλίγον
338 3860 471 3942 cidares,
487 3860 577 3924 ὁαεῑν
592 3861 701 3926 ὄντων
722 3862 813 3941 αὐτῷ
833 3860 951 3942 ξιφῶν,
973 3860 1136 3940 ἑκατέρου
1148 3851 1317 3937 ’κατεμάν-

205 3979 294 4042 θανε
321 3977 361 4041 τὸ
388 3978 523 4057 σπάσμα
554 3976 660 4040 notor
673 4026 675 4030 Α
685 3977 828 4058 χρόνον,
857 3978 912 4039 ιιαὶ
938 3975 977 4040 τὸ
1004 3976 1123 4056 ἕτερον
1149 3966 1318 4049 aronae,

205 4093 357 4173 θάτερον
378 4090 417 4155 dt
437 4094 485 4172 sig
505 4091 566 4172 τὰς
581 4090 737 4173 ,ἀγκάλας
758 4091 940 4172 ἀναλαβὼν
961 4089 1040 4171 τοὺς
1055 4090 1186 4169 clatros
1199 4102 1318 4169 προσε-

247 4234 273 4302 η
292 4235 308 4286 1.
328 4236 345 4286 1.
363 4251 422 4302 ρας.
442 4234 484 4300 39,
503 4235 545 4289 ια
566 4235 677 4288 73-75.
697 4235 774 4287 nnn.
793 4235 835 4295 αι,
855 4234 897 4289 85.
