3038 5190
756 533 798 606 23

217 727 303 794 verit
325 733 384 792 aut
406 725 667 808 abbreviaverit,
691 748 777 813 quae
801 748 843 791 ex
865 724 941 791 aliis
965 725 1115 792 lontibus
1142 726 1323 810 addiderit,

215 863 301 906 num
334 843 486 909 diversae
521 841 767 929 discrepantiae
799 863 816 908 e
847 841 955 908 Taciti
991 863 1091 928 opere
1126 847 1218 909 ortae
1256 865 1326 911 esse

214 963 352 1044 possent
375 979 509 1045 quoque
530 957 631 1023 modo
651 957 687 1023 id
706 959 834 1024 factum
854 962 948 1024 esset.
973 959 1063 1044 Ergo
1091 958 1224 1024 effinxit
1248 959 1326 1025 Plu-

214 1073 381 1154 tarchum,
417 1072 525 1139 Taciti
555 1072 725 1138 Historias
759 1073 804 1138 ad
838 1094 981 1138 manum
1015 1071 1213 1156 habentem,
1247 1096 1326 1154 eum

216 1186 344 1254 Galbae
367 1192 468 1274 atque
493 1186 639 1253 Othonis
664 1187 752 1255 vitas
783 1187 1017 1254 conscriberet.
1049 1186 1125 1254 Hac
1153 1209 1327 1276 compara·

213 1303 305 1369 tione
320 1325 397 1390 pgg.
423 1302 574 1370 17-172
602 1303 763 1385 confecta,
795 1308 970 1390 comparat
993 1324 1079 1390 quae
1099 1303 1180 1369 inde
1204 1304 1327 1370 redun-
1388 1306 1391 1313 '

215 1419 315 1484 dant:
329 1418 354 1506 1)
377 1438 485 1504 paene
505 1423 612 1484 totam
631 1418 807 1484 Plutarchi
826 1418 1057 1484 narrationem
1078 1439 1095 1483 e
1115 1418 1232 1484 Tacito
1251 1442 1327 1506 pro·

214 1532 317 1599 ficisci
343 1533 500 1620 potuisse.
530 1533 630 1612 Quod
657 1539 695 1599 ut
722 1533 886 1615 firmetur,
915 1532 1103 1620 plurimum
1132 1533 1244 1602 valere
1271 1557 1327 1601 ecs

213 1648 313 1731 locos,
338 1648 462 1735 quibus
485 1649 641 1715 Tacitum
665 1671 770 1737 prave
801 1649 1008 1716 intellexisse
1031 1649 1197 1717 videatur.
1222 1650 1326 1737 (Enu-

213 1768 322 1830 merat
345 1763 558 1852 complures.)
582 1763 751 1830 Omnibus
767 1764 848 1831 locis
866 1765 1002 1830 dulcem
1014 1763 1205 1831 ubertatem
1221 1766 1324 1849 cerni,

214 1901 300 1965 quae
328 1880 503 1945 interdum
529 1884 624 1946 tanta
646 1880 689 1946 sit
712 1885 751 1946 ut
769 1881 858 1946 senis
880 1879 1031 1966 loquacis
1054 1901 1124 1946 esse
1151 1881 1323 1973 videatur3

211 1994 437 2061 Plutarchum
450 1995 647 2081 scriptorem
661 1996 978 2062 exercitatissimum
995 2017 1029 2061 se
1041 1995 1212 2082 praebere,
1231 1998 1322 2083 quod

212 2110 370 2177 Tacitum
393 2111 430 2176 in
456 2111 656 2178 universum
679 2116 813 2177 secutus
840 2111 973 2198 singula
995 2132 1055 2177 suo
1075 2111 1215 2178 arbitrio
1234 2134 1323 2178 ccm-

212 2225 371 2312 pcsuerit.
408 2224 495 2290 Aliis
525 2223 676 2291 fontibus
697 2225 921 2292 Plutarchum
944 2247 1045 2292 usum
1069 2247 1139 2292 esse
1161 2226 1242 2292 inde
1265 2251 1323 2314 ap·

209 2361 337 2426 parere,
368 2340 459 2427 quod
493 2339 623 2426 aliquot
652 2322 814 2426 praebeat
843 2341 943 2423 lecca,
967 2341 1025 2428 qui
1048 2341 1141 2428 apud
1164 2341 1321 2409 Tacitum

208 2454 329 2536 desint,
366 2476 451 2541 quos
474 2477 516 2520 ex
543 2455 667 2542 scripto
694 2455 782 2522 libro
818 2461 993 2544 excerptos
1016 2478 1086 2522 esse
1109 2478 1243 2523 necesse
1268 2458 1318 2524 sit.

208 2569 381 2656 (Sequitur
400 2558 522 2636 talium
544 2570 697 2636 locorum
721 2572 907 2656 numerus.)

250 2685 359 2750 Cardo
387 2686 593 2772 quaestionis
616 2686 703 2751 mihi
730 2687 768 2751 in
791 2707 829 2751 eo
858 2686 943 2753 verti
963 2686 1112 2753 videtur:
1137 2687 1316 2754 veri-simi-

205 2798 281 2864 lene
305 2821 375 2866 esse
394 2806 494 2887 putas
516 2801 578 2867 tali
600 2801 703 2868 modo
725 2801 949 2867 Plutarchum
974 2822 1058 2888 opus
1082 2823 1182 2867 suum
1202 2803 1316 2868 condi·

205 2914 303 2997 disse,
328 2915 422 3002 quali
444 2917 563 2983 Leuius
581 2916 681 2983 nohis
703 2917 938 3003 proposuerit?
957 2918 1115 3002 Longum
1138 2922 1188 2983 est
1204 2918 1316 3004 singu-

203 3030 253 3095 las
280 3031 370 3097 Lezii
401 3032 442 3098 de
467 3032 596 3118 origine
619 3031 796 3098 Plutarchi
820 3032 931 3118 operis
962 3031 1205 3118 explicationes
1227 3038 1312 3099 trae-

201 3151 283 3211 tare.
313 3146 493 3212 Curiosum
517 3147 676 3213 lectorem
699 3147 743 3213 ad
766 3147 880 3234 ipsum
906 3145 1035 3212 librum
1059 3145 1185 3233 delego.
1210 3147 1313 3234 Equi-

201 3260 280 3325 dem
316 3261 487 3342 confiteor,
518 3262 598 3328 licet
624 3263 661 3328 in
696 3261 856 3328 omnibns
884 3284 963 3328 cum
983 3262 1088 3328 ·Lezio
1116 3263 1224 3328 facere
1256 3285 1313 3329 ne·

201 3397 342 3462 queam,
378 3377 565 3463 imaginem
598 3377 774 3445 Plutarchi
812 3377 940 3444 Galbae
976 3383 1008 3444 et
1043 3378 1189 3445 Othonis
1223 3378 1311 3446 vitas

199 3490 386 3574 scribentis,
417 3492 517 3558 nobis
546 3493 589 3559 ab
620 3514 658 3559 ec
690 3514 896 3580 expressam,
926 3493 1013 3558 mihi
1041 3494 1309 3581 haudquaquam

198 3605 382 3673 absurdam
404 3608 524 3676 videri.
649 3648 650 3651 π

243 3722 297 3787 Ex
320 3722 371 3805 iis,
392 3724 451 3810 qui
475 3724 632 3791 Tacitum
655 3724 830 3792 Plutarchi
854 3730 1026 3791 auctorem
1050 3725 1191 3808 ducunt,
1214 3746 1309 3812 prae·

198 3841 290 3904 terea
312 3838 516 3906 nominandi
533 3845 628 3905 sunt:
653 3840 880 3927 dernnrnss)
904 3840 962 3926 qui
982 3841 1125 3906 summis
1147 3839 1307 3906 laudibus

233 4113 295 4179 1)1.
315 4113 332 4165 l.
351 4130 409 4180 pgg.
431 4112 576 4168 172-181.

230 4209 258 4278 2)
276 4210 401 4264 Bursians
417 4211 624 4266 Jahresberichte
643 4213 684 4266 18.
702 4211 746 4266 2te
763 4213 824 4267 Abt.
845 4214 921 4269 1881.
940 4233 981 4282 pg.
1000 4214 1061 4270 250.
