3038 5190
739 476 760 541 8

193 663 230 728 in
260 663 344 729 aede
367 663 548 751 Apollinis,
572 669 617 730 ut
647 665 761 731 fama
786 666 883 747 fuit,
913 667 1080 754 pepigere.
1112 669 1242 737 Verba
1272 693 1331 740 vo·

194 799 315 864 cosque
343 778 427 844 duos
450 784 550 845 testes
577 777 761 859 habebant,
787 780 948 849 Cluvium
972 784 1100 849 Rufum
1128 790 1164 850 et
1192 786 1329 852 Silium

194 892 383 959 Italicum.''
419 893 514 959 Haec
548 892 652 960 verba
681 916 743 981 per
773 915 807 960 se
839 900 911 962 tarn
949 896 1050 982 plane
1088 899 1328 967 Mommsenii

194 1008 352 1094 Petrique
375 1008 579 1074 sententiam
602 1007 771 1090 refellunt,
791 1014 829 1075 ut
848 1010 997 1096 amplius
1014 1010 1056 1077 de
1079 1012 1122 1077 iis
1146 1013 1327 1081 disserere

193 1143 279 1209 opus
301 1144 372 1188 non
395 1122 447 1189 sit.
472 1123 497 1210 1)

237 1238 465 1302 Transeamus
485 1236 529 1302 ad
549 1239 705 1303 Nrssmur
721 1239 1055 1306 commentationem.
1079 1240 1194 1306 Multa
1219 1265 1326 1328 prae·

192 1353 281 1418 tatus
305 1351 347 1417 de
367 1352 587 1437 antiquorum
606 1352 786 1419 historiam
808 1346 1046 1421 conscribendi
1065 1376 1203 1440 genere,
1230 1357 1326 1423 vita·

193 1488 270 1533 rum
290 1466 448 1532 editionis
468 1472 662 1553 temporum
685 1469 826 1549 ratione,
847 1468 923 1534 aliis
945 1470 989 1536 ad
1012 1491 1085 1535 rem
1109 1471 1326 1556 pertinenti-

193 1579 257 1646 bus
277 1579 543 1666 quaestiouibus,
563 1581 736 1648 concludit
758 1581 780 1648 l.
805 1582 827 1648 l.
852 1605 930 1669 pgg.
955 1583 1018 1649 532
1042 1605 1115 1670 sqq.
1140 1583 1181 1651 Ο.
1206 1584 1325 1651 Plini-

193 1717 253 1760 um
277 1716 495 1761 communem
517 1697 649 1762 fontem
670 1696 783 1777 fuisse,
808 1719 912 1784 quam
935 1698 979 1764 ad
1004 1698 1212 1765 sententiam
1239 1723 1321 1786 pro·

193 1809 345 1877 bandam
368 1816 497 1897 septem
519 1810 647 1877 indicia
670 1811 784 1894 habet,
812 1833 899 1899 quae
930 1813 1039 1880 multa
1061 1852 1105 1862 —
1127 1835 1171 1879 ne
1194 1814 1321 1882 dicam

195 1926 370 1992 nimia-
399 1925 524 1992 fiducia
548 1927 697 2012 exponit.
722 1926 919 1993 Paullulum
946 1927 1038 1993 enirn
1070 1927 1188 1995 valent
1211 1951 1322 2016 argu-

192 2045 309 2106 menta
333 2046 372 2106 ut
404 2040 575 2122 ,Drittens
602 2041 728 2106 nimmt
757 2062 860 2107 unser
887 2042 1181 2108 Berichterstatter
1208 2043 1321 2131 dieje·

193 2156 271 2241 nige
291 2153 446 2239 Stellung
465 2176 505 2220 ru
529 2154 596 2220 den
613 2155 869 2222 Adelscoterien
890 2157 956 2238 ein,
973 2156 1100 2224 welche
1122 2178 1239 2243 genau
1257 2163 1324 2226 aut

192 2270 324 2337 Plinius
348 2269 494 2335 autrifft''
518 2275 579 2336 etc.
607 2271 785 2352 ,Viertens
808 2270 890 2336 ldsst
913 2271 968 2337 die
992 2270 1222 2357 Verbindung
1249 2275 1319 2340 mit

193 2384 363 2449 Mannern
387 2383 449 2449 wie
468 2383 652 2468 Verginius
674 2384 748 2449 und
768 2384 913 2450 Caecina
933 2384 1005 2450 und
1029 2384 1128 2450 mehr
1146 2385 1240 2451 noch
1259 2388 1319 2454 die

230 2579 256 2638 ll
275 2577 357 2629 Omisi
371 2577 547 2644 quaestionem
557 2581 584 2628 a⁰
594 2577 628 2632 70
641 2585 758 2630 mortuus
771 2579 804 2630 sit
818 2579 906 2646 (quam
918 2579 951 2631 ob
964 2595 1019 2631 rem
1032 2579 1096 2631 haec
1107 2586 1224 2645 tempora
1238 2579 1316 2632 haud

193 2653 270 2727 dubie
292 2681 402 2726 tractare
424 2674 580 2742 nequiverit)
604 2674 711 2727 Cluvius
733 2692 821 2728 necne.
848 2675 900 2740 Qui
924 2676 990 2728 illud
1015 2682 1163 2740 autumant,
1186 2675 1318 2742 ingerunt

194 2775 261 2825 locos
280 2772 340 2824 Tac.
361 2772 396 2823 H.
416 2772 458 2825 IV
476 2771 517 2825 39.
538 2772 699 2837 „citeriorem
717 2772 874 2840 Hispaniam
892 2780 1024 2825 ostentans
1042 2772 1200 2824 discessu
1224 2771 1317 2826 Cluvii

194 2870 256 2922 Rufi
275 2870 409 2935 vacuam”,
428 2869 472 2922 ubi
491 2869 641 2937 Nipperdey
659 2887 706 2937 pro
732 2869 893 2935 „discessu’':
917 2870 1061 2922 decessu
1083 2871 1167 2936 legere
1185 2870 1258 2934 vult-3
1279 2871 1316 2925 43

195 2967 237 3034 (de
255 2966 380 3019 Helvidio
398 2975 487 3018 contra
505 2967 658 3018 Marcellum
676 2966 787 3033 Eprium
805 2966 833 3017 in
856 2975 946 3019 senatu
969 2966 1048 3019 verba
1070 2966 1189 3034 faciente)
1214 2965 1318 3033 „igitur

196 3083 211 3116 a
234 3063 311 3116 laude
329 3063 414 3116 Cluvii
437 3064 501 3115 Rufi
523 3080 605 3128 orsus,
628 3063 673 3130 qui
695 3063 802 3130 perinde
824 3063 896 3116 dives
919 3072 944 3116 et
968 3064 1114 3130 eloquentia
1136 3064 1221 3115 clarus
1243 3065 1316 3116 nulli

196 3177 319 3228 umquam
338 3159 385 3212 sub
404 3161 507 3212 Nerone
526 3159 669 3226 periculum
681 3159 839 3212 lacessisset”
854 3168 910 3226 eto,
924 3177 991 3227 quae
1007 3159 1086 3212 verba
1104 3159 1174 3211 omni
1193 3159 1317 3225 probabi·

195 3258 267 3310 litate
285 3257 317 3309 de
335 3266 436 3309 mortuo
454 3256 523 3309 dicta
540 3263 632 3309 essent.
652 3256 705 3321 Qui
722 3257 879 3309 contrarium
898 3257 1036 3322 affirmant,
1056 3256 1123 3307 inter
1135 3256 1211 3323 plura
1224 3255 1316 3307 nitun-

196 3363 239 3408 tur
255 3355 318 3406 loois
336 3354 402 3406 Plin.
422 3355 471 3421 Ep.
491 3354 533 3405 IX
553 3354 594 3411 19,
613 3355 637 3408 5.
658 3354 712 3420 „ita
729 3371 814 3406 secum
829 3353 967 3420 aliquando
981 3352 1103 3406 Cluvium
1117 3353 1232 3404 locutum
1245 3353 1315 3419 ‘scis,

197 3452 313 3520 Vergini,
332 3470 398 3519 quae
415 3452 537 3514 historiae
559 3451 624 3503 fides
645 3451 782 3503 debeatur:
805 3451 913 3518 proinde
936 3451 956 3502 si
980 3450 1042 3517 quid
1065 3449 1093 3501 in
1115 3449 1229 3502 historiis
1247 3450 1316 3501 meis

196 3549 260 3616 legis
278 3548 352 3600 aliter
370 3565 399 3599 ac
417 3548 487 3610 velis,
506 3565 568 3615 rogo
585 3548 719 3615 ignoscas'.
738 3547 780 3598 Ad
798 3547 846 3598 hoc
864 3547 908 3599 ille
927 3549 996 3599 ‘tune
1014 3546 1125 3613 ignoras,
1149 3545 1234 3610 Cluvi,
1253 3545 1316 3598 ideo

197 3664 239 3698 me
256 3646 345 3699 iecisse
362 3645 431 3711 quod
448 3645 505 3710 ieci,
524 3652 553 3696 ut
570 3652 636 3696 esset
652 3643 763 3696 liberum
778 3643 850 3695 vobis
863 3643 974 3695 scribere
987 3660 1054 3710 quae
1066 3642 1225 3694 libuisset'?”
1240 3642 1314 3694 Plut.

198 3743 230 3795 Ο.
250 3744 274 3797 3.
294 3760 372 3810 supra
388 3743 405 3794 l.
425 3743 512 3809 Atque
530 3741 656 3809 equidem,
675 3741 735 3793 licet
753 3758 877 3793 summam
895 3741 932 3792 rei
951 3739 1091 3792 diiudicare
1109 3756 1160 3791 non
1184 3739 1276 3804 ausim,
1298 3758 1314 3792 e

198 3840 263 3892 libro
281 3839 313 3890 ab
331 3840 388 3907 ipso
406 3839 500 3905 scripto
519 3837 606 3890 Cluvii
624 3837 798 3890 testimonium
822 3838 929 3905 petitum
954 3854 1009 3890 esse
1034 3844 1104 3903 puto.
1131 3836 1215 3887 Aliter
1240 3836 1313 3888 enim

198 3936 352 3988 Plutarchus
370 3952 441 3988 more
458 3935 533 3987 solito
551 3934 602 4002 ἔφη
622 3936 663 3986 vel
681 3935 791 4003 διηγεῖτο
805 3935 952 4002 scripsisset.
967 3935 1088 3986 Ceterum
1101 3932 1258 3985 monendum
1272 3940 1313 3985 est

198 4050 325 4100 nusquam
349 4033 377 4084 in
402 4032 527 4084 Historiis
550 4030 672 4084 Cluvium
694 4032 791 4084 iontem
814 4049 830 4083 a
854 4032 945 4084 Tacito
973 4031 1109 4083 nominari.
1141 4029 1312 4098 Scripseritne

198 4130 230 4182 de
248 4130 289 4182 his
307 4129 463 4196 temporibus
482 4128 588 4181 Cluvius
606 4146 666 4196 ergo
685 4147 786 4197 semper
802 4128 830 4179 in
848 4129 926 4181 dubio
945 4128 1065 4180 manebit.
