3038 5190
740 471 784 537 44

201 670 318 731 menta
344 668 433 744 sunt,
461 662 503 729 de
532 661 657 750 quibus
679 663 749 729 iam
771 670 872 730 antea
893 664 1026 732 affatim
1052 665 1256 733 dissertum
1278 673 1329 733 eat.

243 784 362 849 Restat
391 780 494 868 igitur
521 786 560 847 ut
589 785 699 847 totum
726 781 902 849 Plutarchi
932 782 1154 849 narrationis
1179 790 1328 851 tenorem

199 920 279 966 oum
302 897 411 965 Taciti
434 896 596 963 Historiis
617 902 773 963 accurate
789 918 1025 984 comparemus
1045 904 1162 986 atque
1182 900 1329 987 inquira-

199 1035 276 1080 mus
306 1034 402 1093 num,
433 1011 603 1078 Historias
625 1011 662 1077 in
685 1032 751 1086 suo¹
773 1032 874 1099 opere
897 1012 1078 1079 condendo
1104 1014 1157 1081 ad
1182 1037 1326 1082 manum

197 1127 339 1210 habens,
370 1127 459 1195 vitas
484 1125 586 1192 hasce
616 1125 763 1193 scribere
794 1126 942 1214 potuerit
975 1127 1196 1216 qualemque
1232 1131 1326 1196 ratio

199 1265 279 1311 nem
303 1243 339 1309 in
364 1263 402 1309 eo
426 1247 560 1308 secutus
590 1240 642 1308 sit.
675 1241 793 1308 Talem
825 1241 1084 1329 inquisitionem
1120 1244 1261 1328 Lezius,
1290 1251 1324 1312 ut

198 1358 360 1440 vidimus,
384 1356 543 1440 instituit,
565 1358 624 1445 qui
642 1358 819 1445 utriusque
838 1357 944 1426 verba
962 1358 1160 1446 exscripsit,
1183 1360 1324 1447 diligen·

197 1478 249 1540 ter
280 1473 446 1561 pensavit.
472 1471 691 1561 Quamquam
714 1494 784 1539 non
809 1474 846 1538 in
869 1471 1028 1539 omnibus
1045 1494 1130 1539 cum
1152 1496 1195 1541 eo
1215 1475 1321 1542 facere

196 1610 334 1677 possum
361 1587 605 1676 nonnullisque
624 1588 707 1655 locis
731 1588 995 1675 discrepantiam
1018 1587 1119 1656 aliter
1147 1592 1320 1679 explicare

198 1703 330 1786 malim,
358 1724 495 1770 summa
521 1703 768 1771 dissertationis
793 1703 880 1769 mihi
903 1702 1003 1772 valde
1026 1704 1196 1772 satisfecit
1221 1707 1319 1773 stabi-

198 1821 342 1911 livitque
364 1844 478 1890 meam
502 1823 715 1910 opinionem:
742 1822 884 1889 omnino
907 1844 976 1889 non
1000 1823 1164 1890 Tacitum
1188 1825 1317 1893 Plutar-

198 1936 254 2005 chi
278 1943 451 2005 auctorem
475 1936 577 2004 fuisse
601 1938 718 2025 negari
741 1959 848 2025 posse.

241 2053 271 2121 Ε
294 2054 384 2120 Lezii
404 2054 693 2120 commentatione
719 2059 861 2142 apparet
878 2052 1113 2136 Plutarchum,
1130 2053 1216 2122 licet
1231 2055 1315 2123 mul·

198 2168 240 2235 tis
263 2168 346 2235 locis
364 2168 522 2235 Tacitum
546 2168 753 2237 adverbum
774 2168 989 2257 exscripserit
1010 2168 1234 2259 eundemque
1248 2171 1314 2238 lere

196 2303 310 2349 rerum
327 2282 483 2350 ordinem
500 2283 696 2366 servaverit,
713 2283 890 2370 complura
905 2304 965 2350 suo
981 2283 1119 2370 proprio
1139 2283 1314 2352 scribendi

195 2418 319 2483 genere
342 2418 488 2480 ornasse,
508 2398 683 2466 interdum
706 2420 766 2465 suo
784 2397 923 2465 arbitrio
947 2419 1047 2464 usum
1070 2419 1153 2480 esse,
1178 2401 1313 2489 saepius

196 2511 433 2579 momorabilia
456 2512 498 2579 de
514 2534 575 2581 suo
590 2513 771 2582 addidisse.
790 2512 904 2600 Atque
920 2512 1070 2599 primum
1091 2512 1134 2579 de
1153 2514 1208 2598 iis,
1226 2537 1312 2602 quae

196 2648 216 2692 a
241 2626 358 2694 Tacito
382 2628 531 2715 profecta
558 2635 648 2711 sunt,
675 2629 849 2710 disseram,
871 2633 911 2694 ut
932 2627 1056 2695 deinde
1077 2627 1122 2695 ad
1146 2650 1200 2711 ea,
1224 2651 1312 2717 quae

196 2738 336 2808 aliunde
359 2746 433 2808 orta
449 2741 528 2825 sint,
546 2764 608 2830 me¹
619 2744 800 2810 conferam.
818 2742 964 2809 Difficile
984 2747 1034 2808 est
1051 2743 1141 2809 inter
1158 2765 1201 2811 ea
1224 2765 1312 2832 quae

196 2855 312 2922 'Facito
332 2856 500 2924 debentur
522 2880 562 2924 ac
586 2880 673 2945 quae
696 2880 739 2924 ex
762 2857 829 2926 alio
850 2859 944 2924 fonte
966 2857 1080 2924 hausit
1102 2857 1313 2926 Plutarchus

195 2976 303 3038 certos
322 2972 406 3038 fines
430 2973 643 3040 constituere.
668 2973 820 3041 Diversis
842 2974 924 3040 locis
947 2973 1040 3040 enim
1063 2973 1238 3040 incertum
1261 2976 1311 3043 vi·

195 3084 295 3153 detur
318 3091 434 3154 utrum
457 3087 671 3170 Plutarchus,
696 3110 783 3175 quae
810 3089 903 3175 apud
926 3089 1082 3155 Tacitum
1107 3089 1309 3173 invenisset,

194 3200 426 3268 retractaverit
449 3207 551 3289 atque
571 3202 841 3289 amplificaverit,
864 3203 1033 3270 analium
1055 3208 1232 3270 auctorem
1251 3206 1310 3274 ad-

194 3312 354 3397 hibuerit,
386 3316 455 3403 qui,
487 3321 524 3383 ut
554 3317 672 3385 Lenius
695 3319 721 3406 1)
751 3317 836 3400 vult,
868 3318 926 3384 hic
955 3318 1026 3384 illic
1052 3318 1155 3384 etiam
1187 3319 1308 3387 Tacito

192 3430 269 3495 fons
291 3429 401 3497 fuerit.
427 3431 526 3510 Quod
549 3432 593 3499 ad
617 3433 728 3521 operis
751 3439 893 3520 partem,
918 3455 1004 3521 quae
1027 3455 1049 3499 a
1077 3433 1197 3500 Tacito
1220 3435 1309 3502 deri·

193 3543 267 3612 vari
289 3550 409 3632 potest,
430 3544 579 3614 diversas
595 3548 734 3635 praebet
749 3549 992 3636 explicationes
1008 3548 1135 3630 Lenius,
1155 3569 1307 3635 quarum

193 3657 358 3724 nimirum
382 3660 574 3747 complures
597 3683 718 3749 parum
748 3663 906 3729 Tacitum
930 3662 1106 3729 Plutarchi
1128 3668 1307 3731 auctorem

192 3771 294 3839 fuisse
321 3772 567 3858 demonstrant,
594 3777 653 3842 sed
675 3777 725 3843 nil
748 3778 815 3843 nisi
837 3768 1043 3844 necessariae
1065 3776 1246 3844 Plutarchi
1268 3779 1306 3845 in

193 3907 293 3974 opere
317 3888 494 3956 condendo
518 3891 659 3957 rationis
689 3893 947 3979 explanationes
969 3898 1059 3974 sunt,
1083 3913 1180 3979 quae,
1205 3893 1306 3960 dum·

192 4051 388 4064 —

228 4139 253 4209 1)
272 4141 288 4193 l.
303 4141 319 4194 l.
335 4160 376 4211 pg.
393 4144 443 4197 174
457 4146 575 4214 exempla
589 4155 729 4200 enumerat.
