3038 5190
735 474 778 540 42

195 677 369 746 ἐπιτρόπων·
394 671 458 729 ὁὸἐ
476 676 625 746 φοβηθείς,
640 678 683 743 ὡς
693 674 733 743 μὴ
775 671 837 728 tam
859 688 941 728 suam
964 689 1056 746 quam
1087 671 1256 731 orbitatem
1280 693 1316 731 ra·

193 786 288 853 μόνον
304 780 351 836 διὰ
369 783 401 836 τὸ
414 792 517 853 γῆρας,
533 781 610 835 ἀλλὰ
624 782 671 835 καὶ
686 778 734 834 ore
773 779 823 836 tus
845 775 963 849 (desinit
984 775 1159 838 similitudo
1186 778 1264 838 inter
1288 779 1316 838 P.

196 891 249 961 τὴν
279 886 415 943 ἀπαιδίαν
446 890 729 958 καταφρονούμενος,
771 886 801 942 et
822 882 864 957 S.)
879 882 1015 942 Pisonem
1038 928 1178 944 .....
1201 885 1314 962 adopta·

196 991 314 1065 (desinit
333 989 496 1049 similitudo
510 989 587 1048 inter
601 987 633 1048 P.
649 992 679 1047 et
690 988 732 1063 S.)
773 988 848 1049 rit.”

195 1103 368 1174 ἐβουλεύετο
388 1097 479 1155 παῖδα
498 1100 604 1154 θέσθαι
624 1099 681 1154 eto.

234 1203 412 1263 Plutarchus
436 1202 549 1274 deinde,
576 1206 612 1261 ut
639 1221 729 1278 supra
812 1201 971 1262 Suetonius
986 1201 1092 1261 deinde
1112 1222 1138 1262 c.
1163 1203 1203 1264 18
1224 1206 1312 1264 mults

196 1310 320 1382 ostendi,
335 1310 438 1369 eodem
452 1328 485 1368 ac
503 1308 622 1367 Tacitus
644 1308 731 1368 modo
772 1312 913 1381 monstra,
930 1308 1043 1367 exitum
1061 1307 1182 1369 Galbae
1200 1315 1313 1386 porten-

196 1416 342 1476 Othonem
356 1416 386 1474 in
395 1415 594 1477 narrationem
608 1415 733 1474 innectit
773 1414 881 1487 dantia,
912 1419 1080 1488 enumerat3
1116 1415 1241 1476 19-20
1273 1437 1313 1477 co·

195 1528 284 1600 atque
299 1523 366 1582 inde
381 1543 398 1581 a
413 1522 508 1598 capite
525 1523 560 1581 19
574 1522 622 1582 rel
636 1522 729 1599 magis
770 1521 851 1598 piosa
868 1522 973 1581 horam
986 1541 1160 1598 supremam
1177 1528 1313 1584 mortem·

196 1631 291 1689 adhuc
307 1649 357 1689 ac.
368 1630 406 1688 23
422 1629 453 1704 ¹),
464 1629 652 1704 conspicuam
664 1648 731 1688 cnm
771 1648 829 1707 que
851 1628 962 1688 Galbae
983 1634 1117 1702 enarrat3
1140 1631 1265 1690 21-23
1286 1633 1314 1690 fi-

195 1737 297 1796 Tacito
312 1736 534 1796 similitudinem
547 1755 619 1811 prae
640 1754 669 1794 se
691 1735 730 1793 fe·
772 1753 839 1794 nem
853 1735 925 1794 facit
937 1755 990 1812 per
1004 1735 1149 1796 usitatam
1173 1739 1313 1815 corporis,

195 1861 271 1914 rens,
286 1861 379 1919 usque
394 1841 532 1900 adfinem
548 1841 625 1901 ritae
640 1840 731 1900 Otho·
773 1861 900 1914 morum,
923 1841 1028 1901 aetatis
1052 1841 1249 1918 imperatoris
1271 1845 1313 1903 de·

195 1949 240 2008 nis
262 1947 431 2008 continuam
453 1966 552 2006 rerum
582 1945 676 2005 Galba
701 1950 732 2006 et
773 1946 970 2023 scriptionem.

195 2054 310 2114 Othone
331 2054 561 2129 imperatoribus
578 2056 731 2131 gestarum

195 2161 349 2220 historiam
370 2159 471 2219 tradit.
491 2159 512 2233 1)

146 2215 159 2383 l
241 2273 395 2360 Apparet-
417 2272 618 2340 Suetonium
637 2272 791 2358 religiose
810 2272 918 2338 vitam
942 2271 1154 2339 conscribere
1176 2296 1244 2342 nec
1267 2275 1318 2342 ula

137 2388 148 2497 j
171 2395 246 2463 ,tra
268 2410 369 2454 suum
396 2389 608 2476 propositum
639 2388 806 2475 progredi.
838 2387 1042 2454 Plutarchus
1072 2410 1154 2454 vero
1187 2390 1311 2457 identi-

194 2504 274 2569 dem
297 2503 340 2569 ad
367 2525 429 2585 res,
454 2504 569 2569 minus
592 2503 743 2588 magisve
766 2503 856 2570 vitae
880 2502 1008 2568 alienas
1032 2502 1182 2570 deflectit
1206 2505 1314 2591 (velut

141 2636 147 2701 ,¹
197 2621 226 2685 5.
252 2619 294 2684 de
317 2618 461 2684 Neronis
485 2617 772 2699 consternatione3
797 2619 827 2700 8,
859 2620 892 2700 9,
917 2619 969 2699 13,
997 2619 1048 2683 14.
1073 2617 1115 2684 de
1139 2618 1313 2707 Nymphi-

128 2716 142 2827 ’,ἶ
194 2735 250 2800 dio
274 2733 417 2814 Sabin0;
443 2735 493 2799 12.
516 2733 558 2798 de
582 2733 699 2814 Vini0;
722 2732 773 2799 17.
791 2733 833 2798 de
849 2732 1030 2821 Tigellino)
1046 2718 1154 2820 eoque
1173 2757 1312 2803 accura-

193 2855 267 2916 tum
289 2871 404 2941 rerum
435 2848 479 2914 ad
510 2847 638 2914 Galbae
667 2848 775 2913 vitam
808 2847 1053 2934 pertinentium
1078 2848 1240 2916 ordinem
1262 2852 1312 2916 in-

192 2964 319 3049 fringit.
337 2963 500 3028 Attamen
516 2968 650 3049 praeter
668 2962 731 3027 hos
749 2983 909 3028 excursus
926 2962 1181 3049 quodammodo
1199 2965 1309 3032 vitam

193 3079 391 3165 composuit,
411 3077 449 3142 in
465 3076 592 3159 multis,
610 3078 809 3164 praesertim
827 3078 918 3164 quod
938 3078 1114 3144 adrerum
1137 3079 1309 3163 ordinem,

193 3217 272 3261 cum
302 3193 463 3258 Suetonio
494 3197 747 3278 congruentem.
772 3193 798 3280 3)
835 3192 922 3271 Inde
953 3214 973 3258 a
1003 3215 1075 3280 cap.
1112 3194 1155 3259 19
1190 3202 1307 3262 autem

159 3384 161 3387 '
230 3375 255 3443 1)
275 3374 355 3440 Capp.
377 3373 487 3438 19-23,
507 3373 539 3426 de
557 3373 650 3441 quibus
667 3382 755 3441 postea
774 3373 878 3426 uberius
902 3390 984 3440 agam,
1008 3381 1068 3424 sunt
1090 3374 1163 3426 velut
1181 3376 1321 3429 transitus

192 3472 359 3524 aPlutarcho
377 3489 532 3539 quemquam
551 3472 630 3523 elium
649 3488 678 3524 ac
698 3472 817 3523 Tacitum
837 3472 935 3524 iontem
955 3471 1065 3524 habente
1085 3471 1112 3522 in
1133 3472 1306 3526 Plutarchum

191 3571 311 3622 Tacitum
330 3577 459 3621 auctorem
479 3570 650 3622 adhibentem.
671 3572 794 3623 Attamen
813 3570 954 3621 maximam
966 3577 1066 3636 partem
1079 3587 1095 3621 a
1108 3569 1200 3622 Tacito
1214 3570 1308 3624 hausta

191 3683 245 3719 esse
259 3673 373 3734 possunt.
388 3667 418 3718 cf.
434 3667 526 3719 Lenius
539 3669 555 3720 l.
570 3669 587 3720 l.
603 3686 661 3735 pgg.
679 3669 788 3720 17-37.
804 3667 869 3719 Inde
886 3685 901 3719 a
919 3685 973 3735 cap.
989 3666 1023 3720 23
1038 3667 1117 3719 artior
1130 3667 1307 3737 continuaque

190 3763 258 3815 inter
276 3771 414 3830 utrumque
432 3764 572 3816 similitudo
590 3764 687 3830 incipit.

224 3859 253 3930 2)
273 3860 466 3927 Supervacuum
486 3869 523 3914 est
542 3862 625 3914 Taciti
649 3861 832 3929 Plutarchique
852 3861 1046 3928 congruentiam
1065 3861 1153 3913 tabula
1171 3879 1306 3930 compara·

190 3957 244 4009 tiva
261 3958 398 4010 illustrare.
419 3957 495 4021 Quod
511 3958 563 4009 iam
581 3958 709 4010 fecerunt:
729 3958 873 4010 Mommsen
893 3958 909 4009 l.
921 3959 939 4009 l.
958 3976 1016 4025 pgg.
1036 3956 1184 4012 301-305.
1200 3957 1306 4016 Clason.

189 4055 207 4105 l.
217 4054 234 4105 l.
250 4072 307 4121 pgg.
322 4053 435 4108 27—69.
449 4054 542 4107 Lenius
554 4055 571 4106 l.
587 4055 603 4106 l.
618 4072 675 4122 pgg.
694 4054 822 4108 17-172.
837 4054 931 4121 Hardy
944 4056 961 4106 l.
976 4055 992 4107 l.
1007 4055 1073 4106 Intr.
1088 4071 1146 4121 pgg.
1162 4054 1279 4109 17—23.

226 4152 254 4218 3)
273 4151 365 4203 Procul
385 4151 462 4204 dubio
481 4152 648 4205 Plutarchum
668 4160 693 4204 et
712 4151 864 4205 Suetonium
883 4151 970 4220 aliquo
988 4151 1064 4204 modo
1078 4151 1216 4204 cohaerere
1230 4160 1308 4223 puta·
