3038 5190
733 491 774 556 12

196 682 325 763 halten,
349 682 426 747 dass
450 702 484 746 es
507 680 580 746 sich
603 680 678 746 hier
701 680 798 746 nicht
822 703 882 746 um
905 681 981 747 eine
998 681 1212 748 schriftliche
1236 683 1326 748 Dar·

196 798 353 884 stellung,
377 796 525 862 sondern
541 818 601 861 um
625 796 825 862 mundliche
841 796 1063 882 Mittheilung
1081 797 1243 864 handelt.
1265 798 1326 863 An

196 911 359 979 Plutarch
379 911 473 977 kann
486 909 634 976 dieselbe
658 910 755 976 nicht
776 910 942 996 gerichtet
956 932 1107 997 genesen
1129 913 1219 994 sein,
1242 913 1323 980 weil

196 1049 232 1092 er
260 1026 390 1092 solches
419 1024 649 1091 anzumerken
673 1024 769 1091 nicht
796 1024 1008 1091 unterlassen
1032 1024 1146 1091 haben
1172 1027 1323 1093 wiirde''

196 1140 248 1227 (cf.
268 1141 306 1208 Ο.
326 1143 368 1207 14
384 1138 553 1219 Ἐμοὶ....
566 1136 739 1222 Μέστριος
757 1136 900 1219 Φλῶρος
974 1138 1141 1223 ὁιηγεῑτο),
1163 1141 1322 1208 Fontem

195 1254 370 1322 Plutarchi
394 1254 433 1321 Ο.
459 1257 480 1320 9
501 1255 606 1340 igitur
627 1255 665 1319 in
682 1254 829 1320 Secundi
846 1255 1035 1320 amicorum
1051 1254 1178 1321 circulo
1199 1257 1323 1342 requi-

195 1371 341 1436 rendum
361 1375 468 1457 putat.
490 1369 553 1436 Ille
576 1375 765 1458 Σεκοῦνὸος
783 1370 876 1435 idem
893 1392 933 1436 ac
948 1370 1062 1436 Julius
1077 1370 1262 1436 Secundus
1282 1374 1321 1457 1),

195 1490 297 1550 notus
319 1507 380 1572 per
403 1484 512 1551 Taciti
535 1484 728 1569 Dialogum,
753 1505 823 1550 esse
846 1484 991 1552 videtur.
1016 1485 1174 1551 Messalla
1199 1492 1233 1551 et
1260 1487 1321 1553 Se·

195 1598 328 1665 cundus
357 1599 395 1664 in
422 1598 565 1684 Dialogo
589 1599 840 1686 colloquuntur,
865 1600 1109 1666 consuetudine
1133 1600 1320 1668 coniuncti

195 1719 285 1793 sunt,
308 1713 465 1780 Messalla
485 1734 564 1800 ergo
583 1715 659 1779 fons
682 1735 752 1780 esse
776 1719 894 1801 potest.

238 1828 343 1893 Porro
365 1828 466 1894 Baicr
488 1849 564 1915 pgg.
587 1829 639 1909 27,
661 1830 712 1895 28.
730 1828 879 1894 affirmat
898 1828 1007 1894 Taciti
1023 1829 1065 1894 de
1082 1828 1192 1894 Mario
1204 1828 1318 1896 'Celso

193 1941 359 2008 iudicium
382 1941 640 2010 benevolentius
660 1943 835 2009 Plutarchi
853 1943 895 2009 de
912 1943 1032 2008 eodem
1049 1943 1211 2029 opinione
1224 1965 1316 2027 esse,

195 2057 287 2143 quod
317 2056 504 2139 Messallae,
532 2055 638 2124 libere
664 2079 923 2125 rerumrerum
950 2063 1076 2123 statum
1100 2056 1316 2127 describenti

193 2171 450 2258 accuratiusque
466 2194 486 2238 a
506 2171 689 2238 Plutarcho
710 2173 888 2258 exscripto,
907 2194 985 2238 cum
1002 2171 1138 2237 Tacitus
1155 2171 1314 2258 Celsum,

193 2291 234 2350 ut
263 2291 399 2352 senatus
430 2287 580 2374 partium
611 2286 817 2369 membrum,
848 2286 952 2351 nimis
983 2285 1168 2368 extolleret,
1191 2286 1314 2374 impu-

194 2400 338 2466 tandum
370 2406 464 2467 esset.
497 2403 631 2470 Verane
655 2402 723 2467 sint
748 2401 833 2468 haec
859 2422 966 2467 necne
994 2400 1167 2488 disputare
1190 2423 1315 2488 super-

193 2514 301 2582 sedeo.
328 2517 449 2582 Denuo
472 2522 723 2602 argumentum,
747 2517 905 2603 quamvis
930 2516 1111 2602 sagacitate
1133 2514 1229 2581 haud
1253 2539 1314 2584 ca·

194 2652 281 2713 rens,
302 2631 390 2696 nihil
409 2632 491 2698 certi
516 2632 665 2698 efficiens
684 2631 742 2697 hio
764 2631 940 2698 habemus.

239 2744 336 2812 Aliae
349 2767 433 2833 quas
448 2746 548 2812 Baier
563 2746 660 2812 affert
677 2767 794 2812 causas
810 2745 874 2811 hae
891 2750 984 2810 sunt:
998 2767 1052 2832 pg.
1067 2746 1109 2809 29
1125 2765 1186 2830 per
1200 2765 1310 2814 omne

193 2858 368 2926 Plutarchi
388 2881 473 2946 opus
492 2860 666 2948 quandam
686 2867 877 2927 accuratam
895 2860 985 2927 vitae
1009 2859 1217 2946 rationisque
1241 2862 1310 2927 mi-

193 2972 293 3039 litum
316 2975 474 3040 notitiam
492 2975 705 3056 interlucere,
722 2997 809 3062 quae
831 2974 875 3041 ad
898 2973 1075 3040 Messallae
1098 2973 1218 3038 munia
1240 2975 1308 3040 mi-

193 3087 305 3154 litaria
336 3089 513 3156 referenda
538 3095 632 3155 esset.
665 3089 753 3154 Mihi
776 3090 836 3156 illa
859 3088 1016 3155 militaris
1040 3088 1180 3154 notitiae
1203 3089 1308 3156 vesti-

192 3203 248 3289 gia
270 3203 306 3267 in
329 3202 504 3269 Plutarchi
528 3225 628 3291 opere
651 3226 815 3292 apparere
839 3205 970 3270 nolunt.

237 3316 351 3383 Immo
372 3317 481 3385 multa
499 3319 535 3383 in
556 3340 670 3384 rerum
690 3319 891 3385 militarium
911 3318 1137 3405 descriptione
1157 3316 1305 3386 obscura

193 3437 272 3497 sunt
301 3432 396 3500 velut
414 3433 452 3498 in
475 3456 591 3520 pugna
614 3433 876 3501 Vesontionensi
901 3433 953 3520 (G.
979 3435 1022 3521 6),
1048 3433 1086 3497 iu
1117 3432 1305 3499 classiario·

192 3568 270 3611 rum
300 3547 451 3613 tumultu
480 3547 532 3634 (G.
566 3548 630 3633 10),
660 3548 698 3613 in
729 3546 937 3614 Ostiensium
960 3545 1111 3612 militum
1135 3546 1303 3614 seditione

192 3660 244 3743 (Ο.
269 3664 312 3749 3),
337 3662 484 3749 denique
506 3663 544 3728 in
567 3668 637 3729 toto
661 3662 751 3729 bello
773 3661 817 3728 ab
842 3661 977 3728 Othone
999 3660 1037 3724 in
1061 3660 1173 3726 Gallia
1197 3661 1304 3728 Oisal-

192 3776 275 3862 pina
294 3782 412 3842 contra
436 3777 614 3845 Vitellium
632 3783 735 3864 gesto.
758 3779 838 3843 Huo
854 3776 983 3843 accedit
999 3775 1091 3862 quod
1114 3774 1220 3841 altera
1239 3777 1302 3841 Be-

193 3890 298 3957 driaci
322 3913 448 3978 pugna,
471 3893 525 3958 oui
548 3892 706 3961 Messalla
728 3892 892 3973 interfuit,
916 3890 1024 3956 multo
1048 3889 1171 3956 clarius
1195 3911 1300 3977 quarn

228 4150 253 4217 1)
272 4149 310 4202 of.
329 4150 504 4204 rhenanae.
523 4151 771 4205 suren-sesenna
788 4151 837 4204 uu.
856 4129 893 4205 vs
909 4169 950 4219 pg.
971 4148 1029 4204 rea
