3038 5190
723 557 788 623 100

199 750 237 816 O.
263 750 315 830 16,
340 748 399 811 τὸν
420 746 625 830 ἀδελφιδοῦν
647 747 874 833 Κοκκήϊον,
904 749 945 814 of.
980 748 1089 814 Tacit.
1117 749 1168 814 H.
1200 749 1245 824 ΙΙ.
1269 750 1316 814 48.

199 864 373 946 ,Salvium
397 865 696 946 Cocceianum,
718 863 832 930 fratris
853 863 997 929 filium.''

240 979 415 1046 Plutarchi
446 978 570 1044 rationi
606 977 776 1045 scribendi
808 977 1033 1064 imputandae
1069 982 1155 1043 sunt
1188 978 1315 1044 formae

198 1095 316 1181 quales
335 1099 419 1160 sunt
433 1094 473 1160 G.
490 1095 512 1160 4
531 1090 671 1173 octena
684 1093 833 1160 Vindex.
852 1093 900 1159 cf.
918 1093 1098 1178 Siokinger
1113 1114 1176 1179 pg.
1192 1094 1245 1175 10,
1262 1094 1317 1180 qui

198 1209 355 1296 exempla
380 1207 553 1296 praebete
576 1231 666 1296 perc
692 1208 855 1291 redditae,
874 1248 918 1257 -
941 1209 981 1275 G.
1006 1209 1048 1274 10
1079 1205 1231 1288 Οὐάλης,
1252 1210 1314 1275 Va-

197 1325 279 1391 lens.
304 1325 344 1391 G.
370 1325 411 1391 15
437 1322 637 1403 Οὐάλεντος.
659 1324 835 1410 Siekinger
858 1347 912 1412 pg.
938 1325 980 1390 10
999 1325 1153 1390 formam
1178 1322 1315 1405 Ὀὐάλης

135 1502 141 1513 ,
196 1440 391 1507 confirmari
414 1439 562 1505 ostendit
584 1440 611 1506 Ι.
636 1440 676 1505 R.
700 1440 741 1506 N.
766 1439 852 1506 7287
879 1439 1146 1521 ,Vales’',-G.
1166 1440 1221 1505 23.
1239 1438 1312 1505 0.5

197 1553 418 1634 Δολοβέλλας,
440 1539 629 1636 Dolabella,
653 1554 708 1619 oui
730 1555 869 1636 formae,
899 1559 1017 1640 utpote
1042 1553 1179 1640 passim
1204 1575 1314 1620 occur·

194 1670 293 1752 renti,
316 1669 602 1756 acquiescendum
624 1674 684 1750 est,
707 1707 751 1718 -
774 1669 812 1735 G.
839 1669 891 1735 24.
913 1665 1103 1742 Kalama,
1118 1668 1312 1748 Kalendae,

195 1787 235 1852 cf.
271 1785 312 1852 Ο.
341 1786 372 1866 4,
408 1785 438 1851 5.
479 1781 726 1863 Οὐεσπεσιακός
759 1784 998 1871 Vespasianus.
1030 1783 1219 1850 Nonnulla
1247 1783 1312 1851 alia

194 1899 352 1987 exempla
367 1921 388 1965 a
402 1921 462 1986 per
489 1918 507 1962 ε
534 1900 677 1986 scriptae
701 1898 877 1985 Sickinger
900 1920 954 1985 pg.
980 1899 1022 1964 12
1039 1897 1201 1984 praebet,
1221 1897 1313 1966 velut

195 2015 235 2081 G.
257 2016 298 2081 27
322 2011 491 2093 Κούρτιος
510 2011 645 2092 λάκκος,
669 2015 710 2081 of.
735 2014 777 2081 V.
802 2012 938 2080 Romul.
962 2014 1016 2094 18,
1040 2011 1188 2078 Curtius
1211 2013 1310 2078 la'ous.

194 2129 370 2215 Siokinger
392 2152 447 2217 pg.
472 2131 515 2196 14
549 2129 656 2210 ,Cum
679 2150 700 2194 a
722 2127 835 2194 brevis
858 2128 910 2209 sit,
934 2150 953 2194 o
974 2127 1131 2214 asperius
1155 2127 1312 2207 sonabat,

194 2249 233 2309 ut
253 2244 357 2310 homo
380 2232 579 2331 peregrinus
606 2243 816 2330 duplicatam
839 2264 916 2310 eam
938 2241 1072 2309 audisse
1100 2240 1171 2308 sibi
1204 2240 1311 2310 videri

194 2359 373 2446 potuerit.''
392 2359 563 2446 Equidem
580 2360 692 2446 potius
708 2358 912 2425 crediderim
927 2356 1157 2423 Plutarchum
1178 2356 1311 2439 „lacus”

194 2495 254 2562 per
274 2472 400 2555 λάκκος
420 2474 568 2543 vertisse.
955 2476 957 2480 '

238 2702 414 2782 cap.1e.

234 2813 333 2878 Ἀλλὰ
354 2815 399 2877 τὸ
417 2815 482 2894 μὲν
502 2815 541 2877 ἐν
563 2813 666 2897 Ῥώμῃ
687 2813 818 2896 τυφλὸν
838 2813 880 2896 ἦν
900 2815 950 2878 ἔτι
969 2815 1100 2896 κίνημα.

238 2921 325 2987 Cum
352 2922 484 2993 Hardio
509 2922 701 2988 coniectura
724 2921 863 3003 Reiskii,
884 2942 988 3008 quam
1014 2919 1100 2985 Bod.
1133 2919 1183 2985 H.
1212 2921 1308 2987 codd.

193 3035 409 3118 confirmant,
433 3036 628 3123 recipienda
647 3042 696 3102 est
715 3057 759 3102 sc:
781 3043 864 3098 τῶν
876 3034 941 3114 μὲν
953 3035 993 3097 ἐν
1014 3033 1129 3121 Ῥώμῃ.
1153 3033 1310 3122 Opponi·

191 3156 246 3217 tur
268 3152 374 3217 enim:
400 3153 432 3213 οἱ
451 3149 489 3212 da*
509 3150 675 3233 πρότερον
695 3149 759 3213 ὑπὸ
784 3148 968 3232 Οὐεργινίῳ
985 3150 1180 3232 γενόμενοι.

236 3378 413 3459 cap.1a.

231 3508 368 3562 τοιαῦτα
383 3497 422 3561 dt
435 3499 536 3580 ἔτερα
549 3501 605 3561 καὶ
613 3507 682 3561 τῶν
695 3498 760 3562 ὑπὸ
776 3498 1011 3582 Τιγελλίνῳ
1025 3484 1302 3589 ταγμάτωκύβρι·

192 3614 332 3694 ζόκτωκ.

237 3728 396 3796 Absurde
420 3751 530 3794 errore
554 3726 735 3809 Τιγελλίνῳ
755 3728 793 3794 11
815 3734 950 3796 textum
968 3730 1114 3817 irrepsit.
1141 3733 1297 3823 Quisque,

191 3844 246 3910 vel
269 3866 393 3931 parum
408 3844 533 3909 horum
549 3849 744 3931 temporum
764 3843 928 3910 historiae
943 3865 1079 3929 guarus,
1098 3847 1198 3915 videt
1222 3847 1296 3912 Οὐι-

193 3956 314 4021 τελλί
320 3978 347 4038 ῳ
369 3957 643 4025 substituendum
666 3980 745 4024 esse.
763 3959 789 4045 1)

229 4213 254 4276 l)
274 4212 311 4264 Ut
329 4213 427 4279 primus
446 4213 592 4264 Mommsen
610 4212 637 4263 in
656 4212 763 4278 Herme,
782 4212 831 4265 IV.
851 4231 892 4280 pg.
911 4213 972 4268 300.
991 4213 1050 4266 adn.
1071 4216 1094 4267 1.
1109 4216 1264 4272 observavit
