<?xml version="1.0" encoding="UTF-8"?>
<!DOCTYPE html PUBLIC "-//W3C//DTD XHTML 1.0 Transitional//EN"
    "http://www.w3.org/TR/xhtml1/DTD/xhtml1-transitional.dtd">
<html xmlns="http://www.w3.org/1999/xhtml" xml:lang="en" lang="en">
 <head>
  <title>
</title>
<meta http-equiv="Content-Type" content="text/html;charset=utf-8" />
  <meta name='ocr-system' content='tesseract 3.04.00' />
  <meta name='ocr-capabilities' content='ocr_page ocr_carea ocr_par ocr_line ocrx_word'/>
</head>
<body>
  <div class='ocr_page' id='page_1' title='image "./studiainplutarc00almagoog_0055.png"; bbox 0 0 3030 5190; ppageno 0'>
   <div class='ocr_carea' id='block_1_1' title="bbox 661 313 704 379">
    <p class='ocr_par' dir='ltr' id='par_1_1' title="bbox 661 313 704 379">
     <span class='ocr_line' id='line_1_1' title="bbox 661 313 704 379; baseline 0.023 -1"><span class='ocrx_word' id='word_1_1' title='bbox 661 313 704 379; x_wconf 79' lang='lat'>40</span> 
     </span>
    </p>
   </div>
   <div class='ocr_carea' id='block_1_2' title="bbox 127 503 1231 590">
    <p class='ocr_par' dir='ltr' id='par_1_2' title="bbox 127 503 1231 590">
     <span class='ocr_line' id='line_1_2' title="bbox 127 503 1231 590; baseline 0.005 -22"><span class='ocrx_word' id='word_1_2' title='bbox 127 508 207 569; x_wconf 90' lang='lat' dir='ltr'>ante</span> <span class='ocrx_word' id='word_1_3' title='bbox 226 523 282 569; x_wconf 91' lang='lat' dir='ltr'>me</span> <span class='ocrx_word' id='word_1_4' title='bbox 303 503 485 590; x_wconf 86' lang='lat' dir='ltr'>prolatum,</span> <span class='ocrx_word' id='word_1_5' title='bbox 509 526 580 570; x_wconf 93' lang='lat' dir='ltr'>non</span> <span class='ocrx_word' id='word_1_6' title='bbox 603 504 684 571; x_wconf 87' lang='lat' dir='ltr'>satis</span> <span class='ocrx_word' id='word_1_7' title='bbox 705 503 820 570; x_wconf 92' lang='lat' dir='ltr'>adhuc</span> <span class='ocrx_word' id='word_1_8' title='bbox 842 504 1016 572; x_wconf 88' lang='lat' dir='ltr'>aestimari</span> <span class='ocrx_word' id='word_1_9' title='bbox 1035 505 1125 572; x_wconf 93' lang='lat' dir='ltr'>mihi</span> <span class='ocrx_word' id='word_1_10' title='bbox 1146 507 1231 574; x_wconf 85' lang='lat' dir='ltr'>vide·</span> 
     </span>
    </p>
   </div>
   <div class='ocr_carea' id='block_1_3' title="bbox 128 616 1391 824">
    <p class='ocr_par' dir='ltr' id='par_1_3' title="bbox 128 616 1391 824">
     <span class='ocr_line' id='line_1_3' title="bbox 128 616 1391 708; baseline 0.006 -26"><span class='ocrx_word' id='word_1_11' title='bbox 128 621 192 683; x_wconf 91' lang='lat' dir='ltr'>tur.</span> <span class='ocrx_word' id='word_1_12' title='bbox 223 616 445 687; x_wconf 76' lang='lat' dir='ltr'>Plutarchum</span> <span class='ocrx_word' id='word_1_13' title='bbox 468 619 562 686; x_wconf 91' lang='lat' dir='ltr'>enim</span> <span class='ocrx_word' id='word_1_14' title='bbox 586 620 628 685; x_wconf 87' lang='lat'>18</span> <span class='ocrx_word' id='word_1_15' title='bbox 651 617 706 687; x_wconf 84' lang='lat' dir='ltr'>vel</span> <span class='ocrx_word' id='word_1_16' title='bbox 731 618 773 685; x_wconf 81' lang='lat'>22</span> <span class='ocrx_word' id='word_1_17' title='bbox 797 618 918 705; x_wconf 91' lang='lat' dir='ltr'>primis</span> <span class='ocrx_word' id='word_1_18' title='bbox 940 619 1112 706; x_wconf 74' lang='lat' dir='ltr'>capitibus</span> <span class='ocrx_word' id='word_1_19' title='bbox 1138 620 1233 689; x_wconf 87' lang='lat' dir='ltr'>Vitae</span> <span class='ocrx_word' id='word_1_20' title='bbox 1331 618 1351 656; x_wconf 49' lang='grc' dir='ltr'>ἓ</span> <span class='ocrx_word' id='word_1_21' title='bbox 1380 701 1391 708; x_wconf 25' lang='lat' dir='ltr'>q</span> 
     </span>
     <span class='ocr_line' id='line_1_4' title="bbox 128 731 1349 824; baseline 0.006 -27"><span class='ocrx_word' id='word_1_22' title='bbox 128 731 256 799; x_wconf 82' lang='lat' dir='ltr'><strong>Galbae</strong></span> <span class='ocrx_word' id='word_1_23' title='bbox 278 733 429 821; x_wconf 90' lang='lat' dir='ltr'>dispersa</span> <span class='ocrx_word' id='word_1_24' title='bbox 450 740 587 801; x_wconf 85' lang='lat' dir='ltr'>tantum</span> <span class='ocrx_word' id='word_1_25' title='bbox 610 754 758 815; x_wconf 87' lang='lat' dir='ltr'>narrare,</span> <span class='ocrx_word' id='word_1_26' title='bbox 781 734 864 801; x_wconf 89' lang='lat' dir='ltr'>inde</span> <span class='ocrx_word' id='word_1_27' title='bbox 891 733 936 800; x_wconf 92' lang='lat' dir='ltr'>ab</span> <span class='ocrx_word' id='word_1_28' title='bbox 968 735 1105 801; x_wconf 89' lang='lat' dir='ltr'>Pisonis</span> <span class='ocrx_word' id='word_1_29' title='bbox 1137 737 1233 824; x_wconf 83' lang='lat' dir='ltr'>adop</span> <span class='ocrx_word' id='word_1_30' title='bbox 1333 754 1349 763; x_wconf 77' lang='grc'><em>“</em></span> 
     </span>
    </p>
   </div>
   <div class='ocr_carea' id='block_1_4' title="bbox 125 846 1235 1509">
    <p class='ocr_par' dir='ltr' id='par_1_4' title="bbox 125 846 1235 1509">
     <span class='ocr_line' id='line_1_5' title="bbox 126 846 1234 919; baseline 0.006 -7"><span class='ocrx_word' id='word_1_31' title='bbox 126 846 219 914; x_wconf 92' lang='lat' dir='ltr'>tione</span> <span class='ocrx_word' id='word_1_32' title='bbox 237 849 435 917; x_wconf 87' lang='lat' dir='ltr'>continuam</span> <span class='ocrx_word' id='word_1_33' title='bbox 455 849 584 917; x_wconf 83' lang='lat' dir='ltr'>Galbae</span> <span class='ocrx_word' id='word_1_34' title='bbox 600 855 634 916; x_wconf 90' lang='lat' dir='ltr'>et</span> <span class='ocrx_word' id='word_1_35' title='bbox 652 849 798 916; x_wconf 89' lang='lat' dir='ltr'>Othonis</span> <span class='ocrx_word' id='word_1_36' title='bbox 812 849 993 917; x_wconf 76' lang='lat' dir='ltr'>historiam</span> <span class='ocrx_word' id='word_1_37' title='bbox 1011 852 1158 919; x_wconf 82' lang='lat' dir='ltr'>tradere.</span> <span class='ocrx_word' id='word_1_38' title='bbox 1176 853 1234 919; x_wconf 81' lang='lat' dir='ltr'>Re·</span> 
     </span>
     <span class='ocr_line' id='line_1_6' title="bbox 126 962 1235 1054; baseline 0.004 -26"><span class='ocrx_word' id='word_1_39' title='bbox 126 983 207 1029; x_wconf 85' lang='lat' dir='ltr'>vera</span> <span class='ocrx_word' id='word_1_40' title='bbox 228 962 276 1030; x_wconf 85' lang='lat' dir='ltr'>ita</span> <span class='ocrx_word' id='word_1_41' title='bbox 295 984 368 1029; x_wconf 90' lang='lat' dir='ltr'>rem</span> <span class='ocrx_word' id='word_1_42' title='bbox 391 985 425 1030; x_wconf 91' lang='lat' dir='ltr'>se</span> <span class='ocrx_word' id='word_1_43' title='bbox 447 963 574 1031; x_wconf 91' lang='lat' dir='ltr'>habere</span> <span class='ocrx_word' id='word_1_44' title='bbox 599 964 751 1051; x_wconf 90' lang='lat' dir='ltr'>capitum</span> <span class='ocrx_word' id='word_1_45' title='bbox 766 963 993 1030; x_wconf 85' lang='lat' dir='ltr'>summarium</span> <span class='ocrx_word' id='word_1_46' title='bbox 1013 965 1110 1052; x_wconf 91' lang='lat' dir='ltr'>quod</span> <span class='ocrx_word' id='word_1_47' title='bbox 1131 967 1235 1054; x_wconf 89' lang='lat' dir='ltr'>sequi·</span> 
     </span>
     <span class='ocr_line' id='line_1_7' title="bbox 126 1077 1234 1166; baseline 0.005 -24"><span class='ocrx_word' id='word_1_48' title='bbox 126 1081 182 1142; x_wconf 91' lang='lat' dir='ltr'>tur</span> <span class='ocrx_word' id='word_1_49' title='bbox 208 1077 432 1145; x_wconf 88' lang='lat' dir='ltr'>confirmabit.</span> <span class='ocrx_word' id='word_1_50' title='bbox 464 1079 623 1146; x_wconf 83' lang='lat' dir='ltr'>Adiciam</span> <span class='ocrx_word' id='word_1_51' title='bbox 647 1079 939 1166; x_wconf 87' lang='lat' dir='ltr'>comparationem</span> <span class='ocrx_word' id='word_1_52' title='bbox 962 1100 1043 1145; x_wconf 91' lang='lat' dir='ltr'>cum</span> <span class='ocrx_word' id='word_1_53' title='bbox 1064 1079 1234 1161; x_wconf 79' lang='lat' dir='ltr'>Suetonio,</span> 
     </span>
     <span class='ocr_line' id='line_1_8' title="bbox 127 1193 1234 1281; baseline 0.004 -24"><span class='ocrx_word' id='word_1_54' title='bbox 127 1212 214 1278; x_wconf 89' lang='lat' dir='ltr'>quae</span> <span class='ocrx_word' id='word_1_55' title='bbox 236 1193 392 1261; x_wconf 90' lang='lat' dir='ltr'>ostendat</span> <span class='ocrx_word' id='word_1_56' title='bbox 417 1215 479 1275; x_wconf 89' lang='lat' dir='ltr'>res,</span> <span class='ocrx_word' id='word_1_57' title='bbox 512 1215 596 1281; x_wconf 91' lang='lat' dir='ltr'>quas</span> <span class='ocrx_word' id='word_1_58' title='bbox 626 1193 806 1259; x_wconf 80' lang='lat' dir='ltr'>Suetonius</span> <span class='ocrx_word' id='word_1_59' title='bbox 836 1215 875 1260; x_wconf 90' lang='lat' dir='ltr'>ac</span> <span class='ocrx_word' id='word_1_60' title='bbox 907 1193 1114 1261; x_wconf 88' lang='lat' dir='ltr'>Plutarchus</span> <span class='ocrx_word' id='word_1_61' title='bbox 1135 1193 1175 1260; x_wconf 91' lang='lat' dir='ltr'>in</span> <span class='ocrx_word' id='word_1_62' title='bbox 1197 1196 1234 1261; x_wconf 88' lang='lat'>18</span> 
     </span>
     <span class='ocr_line' id='line_1_9' title="bbox 125 1306 1235 1395; baseline 0.001 -22"><span class='ocrx_word' id='word_1_63' title='bbox 125 1306 246 1393; x_wconf 89' lang='lat' dir='ltr'>primis</span> <span class='ocrx_word' id='word_1_64' title='bbox 264 1307 432 1395; x_wconf 81' lang='lat' dir='ltr'>capitibus</span> <span class='ocrx_word' id='word_1_65' title='bbox 456 1308 683 1375; x_wconf 88' lang='lat' dir='ltr'>communiter</span> <span class='ocrx_word' id='word_1_66' title='bbox 698 1307 846 1390; x_wconf 89' lang='lat' dir='ltr'>tradant,</span> <span class='ocrx_word' id='word_1_67' title='bbox 863 1308 984 1374; x_wconf 89' lang='lat' dir='ltr'>eodem</span> <span class='ocrx_word' id='word_1_68' title='bbox 999 1308 1094 1395; x_wconf 89' lang='lat' dir='ltr'>apud</span> <span class='ocrx_word' id='word_1_69' title='bbox 1109 1314 1235 1375; x_wconf 92' lang='lat' dir='ltr'>utrum·</span> 
     </span>
     <span class='ocr_line' id='line_1_10' title="bbox 126 1421 538 1509; baseline 0 -21"><span class='ocrx_word' id='word_1_70' title='bbox 126 1442 191 1509; x_wconf 88' lang='lat' dir='ltr'>que</span> <span class='ocrx_word' id='word_1_71' title='bbox 214 1421 332 1489; x_wconf 90' lang='lat' dir='ltr'>ordine</span> <span class='ocrx_word' id='word_1_72' title='bbox 354 1443 538 1490; x_wconf 89' lang='lat' dir='ltr'>occurrere.</span> 
     </span>
    </p>
   </div>
   <div class='ocr_carea' id='block_1_5' title="bbox 165 1627 1198 1812">
    <p class='ocr_par' dir='ltr' id='par_1_5' title="bbox 165 1627 1198 1812">
     <span class='ocr_line' id='line_1_11' title="bbox 178 1627 1198 1692; baseline 0.003 -3"><span class='ocrx_word' id='word_1_73' title='bbox 178 1628 265 1690; x_wconf 87' lang='lat' dir='ltr'>Plut.</span> <span class='ocrx_word' id='word_1_74' title='bbox 287 1628 365 1691; x_wconf 81' lang='lat' dir='ltr'>Vita</span> <span class='ocrx_word' id='word_1_75' title='bbox 386 1629 519 1691; x_wconf 81' lang='lat' dir='ltr'>Galbae.</span> <span class='ocrx_word' id='word_1_76' title='bbox 748 1627 940 1691; x_wconf 80' lang='lat' dir='ltr'>Suetonius.</span> <span class='ocrx_word' id='word_1_77' title='bbox 961 1628 1041 1690; x_wconf 81' lang='lat' dir='ltr'>Vita</span> <span class='ocrx_word' id='word_1_78' title='bbox 1061 1628 1198 1692; x_wconf 79' lang='lat' dir='ltr'>Galbae.</span> 
     </span>
     <span class='ocr_line' id='line_1_12' title="bbox 165 1733 537 1812; baseline 0 -16"><span class='ocrx_word' id='word_1_79' title='bbox 165 1733 256 1812; x_wconf 82' lang='lat' dir='ltr'>Gapp.</span> <span class='ocrx_word' id='word_1_80' title='bbox 279 1735 305 1797; x_wconf 93' lang='grc'>1.</span> <span class='ocrx_word' id='word_1_81' title='bbox 328 1737 355 1796; x_wconf 82' lang='lat'>2.</span> <span class='ocrx_word' id='word_1_82' title='bbox 377 1736 537 1796; x_wconf 74' lang='lat' dir='ltr'>Praelatio,</span> 
     </span>
    </p>
   </div>
   <div class='ocr_carea' id='block_1_6' title="bbox 165 1838 1392 1934">
    <p class='ocr_par' dir='ltr' id='par_1_6' title="bbox 165 1838 1392 1934">
     <span class='ocr_line' id='line_1_13' title="bbox 165 1838 1392 1934; baseline 0.001 -34"><span class='ocrx_word' id='word_1_83' title='bbox 165 1841 193 1901; x_wconf 82' lang='lat'>3.</span> <span class='ocrx_word' id='word_1_84' title='bbox 213 1840 300 1917; x_wconf 70' lang='lat' dir='ltr'>Prior</span> <span class='ocrx_word' id='word_1_85' title='bbox 321 1840 432 1902; x_wconf 83' lang='lat' dir='ltr'>Galbae</span> <span class='ocrx_word' id='word_1_86' title='bbox 453 1841 524 1902; x_wconf 86' lang='lat' dir='ltr'>vita.</span> <span class='ocrx_word' id='word_1_87' title='bbox 740 1839 832 1917; x_wconf 84' lang='lat' dir='ltr'>Gapp.</span> <span class='ocrx_word' id='word_1_88' title='bbox 855 1839 931 1900; x_wconf 90' lang='lat' dir='ltr'>l—8</span> <span class='ocrx_word' id='word_1_89' title='bbox 953 1838 1064 1900; x_wconf 81' lang='lat' dir='ltr'>Galbae</span> <span class='ocrx_word' id='word_1_90' title='bbox 1091 1841 1177 1920; x_wconf 82' lang='lat' dir='ltr'>origo</span> <span class='ocrx_word' id='word_1_91' title='bbox 1204 1862 1235 1902; x_wconf 88' lang='lat' dir='ltr'>ac</span> <span class='ocrx_word' id='word_1_92' title='bbox 1343 1898 1366 1934; x_wconf 32' lang='grc' dir='ltr'>Γ,</span> <span class='ocrx_word' id='word_1_93' title='bbox 1374 1888 1392 1913; x_wconf 71' lang='grc'>.,</span> 
     </span>
    </p>
   </div>
   <div class='ocr_carea' id='block_1_7' title="bbox 125 1945 1237 2554">
    <p class='ocr_par' dir='ltr' id='par_1_7' title="bbox 125 1945 1237 2554">
     <span class='ocr_line' id='line_1_14' title="bbox 699 1945 1237 2024; baseline 0.002 -17"><span class='ocrx_word' id='word_1_94' title='bbox 699 1945 761 2007; x_wconf 80' lang='lat' dir='ltr'>vita</span> <span class='ocrx_word' id='word_1_95' title='bbox 781 1964 876 2023; x_wconf 93' lang='lat' dir='ltr'>usque</span> <span class='ocrx_word' id='word_1_96' title='bbox 899 1945 936 2004; x_wconf 89' lang='lat' dir='ltr'>ad</span> <span class='ocrx_word' id='word_1_97' title='bbox 962 1945 1141 2024; x_wconf 82' lang='lat' dir='ltr'>legationem</span> <span class='ocrx_word' id='word_1_98' title='bbox 1170 1947 1237 2008; x_wconf 87' lang='lat' dir='ltr'>His·</span> 
     </span>
     <span class='ocr_line' id='line_1_15' title="bbox 700 2052 879 2128; baseline -0.011 -16"><span class='ocrx_word' id='word_1_99' title='bbox 700 2052 879 2128; x_wconf 87' lang='lat' dir='ltr'>panieneem.</span> 
     </span>
     <span class='ocr_line' id='line_1_16' title="bbox 164 2157 1237 2238; baseline 0.001 -21"><span class='ocrx_word' id='word_1_100' title='bbox 164 2160 193 2218; x_wconf 85' lang='lat'>4.</span> <span class='ocrx_word' id='word_1_101' title='bbox 227 2159 299 2220; x_wconf 85' lang='lat' dir='ltr'>llius</span> <span class='ocrx_word' id='word_1_102' title='bbox 333 2160 464 2238; x_wconf 80' lang='lat' dir='ltr'>regimen</span> <span class='ocrx_word' id='word_1_103' title='bbox 493 2159 661 2235; x_wconf 81' lang='lat' dir='ltr'>provinciae</span> <span class='ocrx_word' id='word_1_104' title='bbox 742 2161 770 2218; x_wconf 88' lang='grc'>9.</span> <span class='ocrx_word' id='word_1_105' title='bbox 791 2158 922 2237; x_wconf 78' lang='lat' dir='ltr'>regimen</span> <span class='ocrx_word' id='word_1_106' title='bbox 942 2157 1113 2234; x_wconf 85' lang='lat' dir='ltr'>provinciae</span> <span class='ocrx_word' id='word_1_107' title='bbox 1133 2157 1237 2236; x_wconf 88' lang='lat' dir='ltr'>Hispa-</span> 
     </span>
     <span class='ocr_line' id='line_1_17' title="bbox 125 2263 776 2342; baseline 0.003 -19"><span class='ocrx_word' id='word_1_108' title='bbox 125 2263 293 2342; x_wconf 87' lang='lat' dir='ltr'>Hispaniae.</span> <span class='ocrx_word' id='word_1_109' title='bbox 702 2265 776 2326; x_wconf 88' lang='lat' dir='ltr'>niae.</span> 
     </span>
     <span class='ocr_line' id='line_1_18' title="bbox 165 2370 1034 2432; baseline 0.002 -2"><span class='ocrx_word' id='word_1_110' title='bbox 165 2371 661 2432; x_wconf 77' lang='lat' dir='ltr'>AdveniuntlitteraeVindicisim·</span> <span class='ocrx_word' id='word_1_111' title='bbox 741 2371 872 2431; x_wconf 89' lang='lat' dir='ltr'>Litterae</span> <span class='ocrx_word' id='word_1_112' title='bbox 892 2370 1034 2432; x_wconf 81' lang='lat' dir='ltr'>Vindicis.</span> 
     </span>
     <span class='ocr_line' id='line_1_19' title="bbox 125 2475 551 2554; baseline -0.002 -17"><span class='ocrx_word' id='word_1_113' title='bbox 125 2477 240 2554; x_wconf 89' lang='lat' dir='ltr'>perium</span> <span class='ocrx_word' id='word_1_114' title='bbox 262 2475 373 2536; x_wconf 90' lang='lat' dir='ltr'>Galbae</span> <span class='ocrx_word' id='word_1_115' title='bbox 394 2477 551 2537; x_wconf 87' lang='lat' dir='ltr'>offerentis.</span> 
     </span>
    </p>
   </div>
   <div class='ocr_carea' id='block_1_8' title="bbox 166 2570 1393 2671">
    <p class='ocr_par' dir='ltr' id='par_1_8' title="bbox 166 2570 1393 2671">
     <span class='ocr_line' id='line_1_20' title="bbox 166 2570 1393 2671; baseline 0.002 -30"><span class='ocrx_word' id='word_1_116' title='bbox 166 2585 194 2643; x_wconf 84' lang='lat'>5.</span> <span class='ocrx_word' id='word_1_117' title='bbox 214 2583 381 2660; x_wconf 88' lang='lat' dir='ltr'>Imperator</span> <span class='ocrx_word' id='word_1_118' title='bbox 403 2585 606 2644; x_wconf 88' lang='lat' dir='ltr'>consalutatus</span> <span class='ocrx_word' id='word_1_119' title='bbox 622 2585 660 2644; x_wconf 90' lang='lat' dir='ltr'>le·</span> <span class='ocrx_word' id='word_1_120' title='bbox 743 2585 789 2645; x_wconf 91' lang='lat'>10.</span> <span class='ocrx_word' id='word_1_121' title='bbox 810 2586 887 2663; x_wconf 86' lang='lat' dir='ltr'>Imp.</span> <span class='ocrx_word' id='word_1_122' title='bbox 922 2585 1126 2645; x_wconf 87' lang='lat' dir='ltr'>consalutatus</span> <span class='ocrx_word' id='word_1_123' title='bbox 1159 2586 1240 2665; x_wconf 81' lang='lat' dir='ltr'>lega·</span> <span class='ocrx_word' id='word_1_124' title='bbox 1358 2570 1393 2671; x_wconf 27' lang='grc' dir='ltr'>ζῇ</span> 
     </span>
    </p>
   </div>
   <div class='ocr_carea' id='block_1_9' title="bbox 126 2673 1363 2856">
    <p class='ocr_par' dir='ltr' id='par_1_9' title="bbox 126 2673 1363 2856">
     <span class='ocr_line' id='line_1_21' title="bbox 126 2673 1363 2768; baseline 0.002 -18"><span class='ocrx_word' id='word_1_125' title='bbox 126 2688 266 2768; x_wconf 83' lang='lat' dir='ltr'>gatumS.</span> <span class='ocrx_word' id='word_1_126' title='bbox 275 2689 307 2749; x_wconf 94' lang='lat' dir='ltr'>P.</span> <span class='ocrx_word' id='word_1_127' title='bbox 318 2690 351 2761; x_wconf 81' lang='lat' dir='ltr'>Q.</span> <span class='ocrx_word' id='word_1_128' title='bbox 362 2690 397 2750; x_wconf 87' lang='lat' dir='ltr'>lt.</span> <span class='ocrx_word' id='word_1_129' title='bbox 405 2710 435 2749; x_wconf 89' lang='lat' dir='ltr'>se</span> <span class='ocrx_word' id='word_1_130' title='bbox 444 2691 596 2766; x_wconf 86' lang='lat' dir='ltr'>professus</span> <span class='ocrx_word' id='word_1_131' title='bbox 606 2695 659 2751; x_wconf 88' lang='lat' dir='ltr'>est.</span> <span class='ocrx_word' id='word_1_132' title='bbox 702 2697 766 2752; x_wconf 82' lang='lat' dir='ltr'>turn</span> <span class='ocrx_word' id='word_1_133' title='bbox 781 2691 810 2751; x_wconf 82' lang='lat' dir='ltr'>S.</span> <span class='ocrx_word' id='word_1_134' title='bbox 825 2691 859 2751; x_wconf 91' lang='lat' dir='ltr'>P.</span> <span class='ocrx_word' id='word_1_135' title='bbox 874 2690 908 2762; x_wconf 80' lang='lat' dir='ltr'>Q.</span> <span class='ocrx_word' id='word_1_136' title='bbox 922 2691 958 2751; x_wconf 86' lang='lat' dir='ltr'>R.</span> <span class='ocrx_word' id='word_1_137' title='bbox 973 2710 1003 2751; x_wconf 83' lang='lat' dir='ltr'>se</span> <span class='ocrx_word' id='word_1_138' title='bbox 1017 2691 1170 2767; x_wconf 87' lang='lat' dir='ltr'>professus</span> <span class='ocrx_word' id='word_1_139' title='bbox 1184 2696 1239 2752; x_wconf 90' lang='lat' dir='ltr'>est.</span> <span class='ocrx_word' id='word_1_140' title='bbox 1359 2673 1363 2682; x_wconf 40' lang='lat'><strong>¹</strong></span> 
     </span>
     <span class='ocr_line' id='line_1_22' title="bbox 167 2794 528 2856; baseline 0 -1"><span class='ocrx_word' id='word_1_141' title='bbox 167 2794 373 2856; x_wconf 77' lang='lat' dir='ltr'>Consternatio</span> <span class='ocrx_word' id='word_1_142' title='bbox 393 2794 528 2856; x_wconf 86' lang='lat' dir='ltr'>Neronis.</span> 
     </span>
    </p>
   </div>
   <div class='ocr_carea' id='block_1_10' title="bbox 127 2899 1381 4042">
    <p class='ocr_par' dir='ltr' id='par_1_10' title="bbox 127 2899 1393 4042">
     <span class='ocr_line' id='line_1_23' title="bbox 167 2899 663 2978; baseline -0.002 -17"><span class='ocrx_word' id='word_1_143' title='bbox 167 2903 195 2962; x_wconf 89' lang='grc'>6.</span> <span class='ocrx_word' id='word_1_144' title='bbox 210 2899 322 2978; x_wconf 84' lang='lat' dir='ltr'>Goepta</span> <span class='ocrx_word' id='word_1_145' title='bbox 337 2899 432 2961; x_wconf 85' lang='lat' dir='ltr'>Glodii</span> <span class='ocrx_word' id='word_1_146' title='bbox 441 2903 534 2962; x_wconf 87' lang='lat' dir='ltr'>Macri</span> <span class='ocrx_word' id='word_1_147' title='bbox 544 2903 574 2961; x_wconf 95' lang='lat' dir='ltr'>in</span> <span class='ocrx_word' id='word_1_148' title='bbox 585 2902 663 2961; x_wconf 84' lang='lat' dir='ltr'>Afri-</span> 
     </span>
     <span class='ocr_line' id='line_1_24' title="bbox 127 3007 1381 3085; baseline 0.001 -18"><span class='ocrx_word' id='word_1_149' title='bbox 127 3027 170 3080; x_wconf 86' lang='lat' dir='ltr'>ca,</span> <span class='ocrx_word' id='word_1_150' title='bbox 192 3007 325 3085; x_wconf 81' lang='lat' dir='ltr'>Verginii</span> <span class='ocrx_word' id='word_1_151' title='bbox 341 3007 410 3066; x_wconf 86' lang='lat' dir='ltr'>Rufi</span> <span class='ocrx_word' id='word_1_152' title='bbox 424 3009 453 3066; x_wconf 93' lang='lat' dir='ltr'>in</span> <span class='ocrx_word' id='word_1_153' title='bbox 470 3007 636 3068; x_wconf 88' lang='lat' dir='ltr'>Germania.</span> <span class='ocrx_word' id='word_1_154' title='bbox 1377 3062 1381 3079; x_wconf 73' lang='grc'>,</span> 
     </span>
     <span class='ocr_line' id='line_1_25' title="bbox 168 3110 1243 3188; baseline 0.004 -18"><span class='ocrx_word' id='word_1_155' title='bbox 168 3110 299 3172; x_wconf 65' lang='lat' dir='ltr'>umerus</span> <span class='ocrx_word' id='word_1_156' title='bbox 329 3113 365 3172; x_wconf 70' lang='lat' dir='ltr'>&lt;a</span> <span class='ocrx_word' id='word_1_157' title='bbox 394 3117 490 3173; x_wconf 72' lang='lat' dir='ltr'>mora</span> <span class='ocrx_word' id='word_1_158' title='bbox 519 3113 660 3188; x_wconf 70' lang='lat' dir='ltr'>vineias,</span> <span class='ocrx_word' id='word_1_159' title='bbox 743 3113 789 3174; x_wconf 90' lang='lat'>11.</span> <span class='ocrx_word' id='word_1_160' title='bbox 811 3113 925 3173; x_wconf 73' lang='lat' dir='ltr'>nuntio</span> <span class='ocrx_word' id='word_1_161' title='bbox 939 3112 974 3173; x_wconf 67' lang='lat' dir='ltr'>aa</span> <span class='ocrx_word' id='word_1_162' title='bbox 992 3112 1121 3174; x_wconf 74' lang='lat' dir='ltr'>vineias</span> <span class='ocrx_word' id='word_1_163' title='bbox 1143 3125 1243 3175; x_wconf 77' lang='lat' dir='ltr'>mora</span> 
     </span>
     <span class='ocr_line' id='line_1_26' title="bbox 148 3217 1379 3295; baseline 0 -17"><span class='ocrx_word' id='word_1_164' title='bbox 148 3237 208 3295; x_wconf 92' lang='lat' dir='ltr'>quo</span> <span class='ocrx_word' id='word_1_165' title='bbox 229 3217 324 3277; x_wconf 88' lang='lat' dir='ltr'>Galba</span> <span class='ocrx_word' id='word_1_166' title='bbox 344 3218 547 3294; x_wconf 88' lang='lat' dir='ltr'>perturbatur.</span> <span class='ocrx_word' id='word_1_167' title='bbox 704 3218 798 3279; x_wconf 88' lang='lat' dir='ltr'>Galba</span> <span class='ocrx_word' id='word_1_168' title='bbox 819 3222 1034 3280; x_wconf 85' lang='lat' dir='ltr'>consternatur.</span> <span class='ocrx_word' id='word_1_169' title='bbox 1375 3225 1379 3235; x_wconf 92' lang='grc'><strong>“</strong></span> 
     </span>
     <span class='ocr_line' id='line_1_27' title="bbox 170 3323 1243 3404; baseline 0.003 -20"><span class='ocrx_word' id='word_1_170' title='bbox 170 3325 197 3384; x_wconf 85' lang='grc'>7.</span> <span class='ocrx_word' id='word_1_171' title='bbox 219 3323 383 3385; x_wconf 86' lang='lat' dir='ltr'>Nuntiatur</span> <span class='ocrx_word' id='word_1_172' title='bbox 394 3323 505 3385; x_wconf 90' lang='lat' dir='ltr'>Galbae</span> <span class='ocrx_word' id='word_1_173' title='bbox 515 3326 663 3387; x_wconf 86' lang='lat' dir='ltr'>Neronem</span> <span class='ocrx_word' id='word_1_174' title='bbox 744 3326 891 3404; x_wconf 76' lang='lat' dir='ltr'>Cognovit</span> <span class='ocrx_word' id='word_1_175' title='bbox 921 3324 1070 3387; x_wconf 85' lang='lat' dir='ltr'>Neronem</span> <span class='ocrx_word' id='word_1_176' title='bbox 1109 3324 1243 3387; x_wconf 82' lang='lat' dir='ltr'>occisum</span> 
     </span>
     <span class='ocr_line' id='line_1_28' title="bbox 130 3431 1243 3510; baseline 0.004 -22"><span class='ocrx_word' id='word_1_177' title='bbox 130 3434 282 3491; x_wconf 91' lang='lat' dir='ltr'>mortuum</span> <span class='ocrx_word' id='word_1_178' title='bbox 296 3450 358 3491; x_wconf 89' lang='lat' dir='ltr'>esse</span> <span class='ocrx_word' id='word_1_179' title='bbox 373 3435 462 3508; x_wconf 90' lang='lat' dir='ltr'>atque</span> <span class='ocrx_word' id='word_1_180' title='bbox 476 3432 505 3492; x_wconf 86' lang='lat' dir='ltr'>S.</span> <span class='ocrx_word' id='word_1_181' title='bbox 524 3432 557 3492; x_wconf 94' lang='lat' dir='ltr'>P.</span> <span class='ocrx_word' id='word_1_182' title='bbox 573 3434 607 3505; x_wconf 80' lang='lat' dir='ltr'>Q.</span> <span class='ocrx_word' id='word_1_183' title='bbox 628 3434 663 3493; x_wconf 80' lang='lat' dir='ltr'>a.</span> <span class='ocrx_word' id='word_1_184' title='bbox 706 3437 886 3510; x_wconf 86' lang='lat' dir='ltr'>cunctosque</span> <span class='ocrx_word' id='word_1_185' title='bbox 913 3432 944 3490; x_wconf 92' lang='lat' dir='ltr'>in</span> <span class='ocrx_word' id='word_1_186' title='bbox 978 3431 1069 3493; x_wconf 85' lang='lat' dir='ltr'>verba</span> <span class='ocrx_word' id='word_1_187' title='bbox 1100 3451 1155 3492; x_wconf 88' lang='lat' dir='ltr'>sua</span> <span class='ocrx_word' id='word_1_188' title='bbox 1197 3433 1243 3493; x_wconf 90' lang='lat' dir='ltr'>iu·</span> 
     </span>
     <span class='ocr_line' id='line_1_29' title="bbox 130 3537 793 3614; baseline 0.005 -19"><span class='ocrx_word' id='word_1_189' title='bbox 130 3537 338 3614; x_wconf 88' lang='lat' dir='ltr'>imperatorem</span> <span class='ocrx_word' id='word_1_190' title='bbox 359 3558 427 3597; x_wconf 90' lang='lat' dir='ltr'>eum</span> <span class='ocrx_word' id='word_1_191' title='bbox 454 3540 663 3599; x_wconf 90' lang='lat' dir='ltr'>consalutasse.</span> <span class='ocrx_word' id='word_1_192' title='bbox 703 3559 793 3599; x_wconf 90' lang='lat' dir='ltr'>rasse.</span> 
     </span>
     <span class='ocr_line' id='line_1_30' title="bbox 171 3643 664 3722; baseline 0.006 -20"><span class='ocrx_word' id='word_1_193' title='bbox 171 3643 234 3703; x_wconf 89' lang='grc'><strong>8.9.</strong></span> <span class='ocrx_word' id='word_1_194' title='bbox 249 3643 664 3722; x_wconf 71' lang='lat' dir='ltr'>DeNymphidiossabinoIto·</span> 
     </span>
     <span class='ocr_line' id='line_1_31' title="bbox 131 3751 662 3829; baseline 0.002 -20"><span class='ocrx_word' id='word_1_195' title='bbox 131 3771 194 3810; x_wconf 91' lang='lat' dir='ltr'>mae</span> <span class='ocrx_word' id='word_1_196' title='bbox 215 3752 313 3811; x_wconf 87' lang='lat' dir='ltr'>omnia</span> <span class='ocrx_word' id='word_1_197' title='bbox 334 3751 557 3812; x_wconf 86' lang='lat' dir='ltr'>administrante</span> <span class='ocrx_word' id='word_1_198' title='bbox 580 3753 662 3829; x_wconf 89' lang='lat' dir='ltr'>paul-</span> 
     </span>
     <span class='ocr_line' id='line_1_32' title="bbox 130 3857 663 3936; baseline 0.008 -22"><span class='ocrx_word' id='word_1_199' title='bbox 130 3857 272 3934; x_wconf 89' lang='lat' dir='ltr'>latimque</span> <span class='ocrx_word' id='word_1_200' title='bbox 299 3858 329 3917; x_wconf 92' lang='lat' dir='ltr'>in</span> <span class='ocrx_word' id='word_1_201' title='bbox 357 3877 438 3934; x_wconf 90' lang='lat' dir='ltr'>spem</span> <span class='ocrx_word' id='word_1_202' title='bbox 458 3858 574 3936; x_wconf 90' lang='lat' dir='ltr'>imperii</span> <span class='ocrx_word' id='word_1_203' title='bbox 594 3859 663 3919; x_wconf 91' lang='lat' dir='ltr'>irre·</span> 
     </span>
     <span class='ocr_line' id='line_1_33' title="bbox 130 3967 228 4042; baseline -0.01 -18"><span class='ocrx_word' id='word_1_204' title='bbox 130 3967 228 4042; x_wconf 89' lang='lat' dir='ltr'>pente.</span> 
     </span>
    </p>
   </div>
   <div class='ocr_carea' id='block_1_11' title="bbox 0 0 1523 5190">
    <p class='ocr_par' dir='ltr' id='par_1_11' title="bbox 0 0 1523 5190">
     <span class='ocr_line' id='line_1_34' title="bbox 0 0 1523 5190; baseline 0 0"><span class='ocrx_word' id='word_1_205' title='bbox 0 0 1523 5190; x_wconf 95' lang='lat' dir='ltr'> </span> 
     </span>
    </p>
   </div>
  </div>
 </body>
</html>
