3030 5190
636 528 680 593 39

89 722 179 789 Alia
206 723 449 805 additamenta,
473 723 569 793 velut
590 722 633 788 de
652 721 798 789 Senecae
819 743 898 808 erga
917 721 1090 790 Othonem
1112 722 1213 791 bene·

88 843 259 924 volentia,
282 843 335 908 sin
358 843 474 909 minus
495 841 671 910 Plutarchi
694 841 878 908 memoriae
896 840 1112 929 imputanda,
1129 841 1211 929 quid

88 957 244 1045 impedit
267 957 452 1045 quominus
474 957 541 1024 alio
563 957 656 1023 fonte
680 961 754 1022 orta
777 956 867 1023 sint?

140 1072 363 1159 Inquiramus
386 1052 453 1159 quo
475 1071 578 1139 modo
594 1071 753 1140 Vitellius
767 1071 805 1137 in
819 1090 977 1137 scaenam
993 1070 1212 1157 producatur.

141 1229 183 1295 G.
209 1230 260 1295 22.
714 1240 748 1300 T.
762 1239 802 1300 H.
818 1239 842 1299 Ι.
857 1241 905 1299 52.
925 1239 1035 1300 Valens
1058 1239 1213 1300 Vitellium
1261 1234 1265 1243 ’

134 1346 322 1424 Instigantur
351 1346 459 1406 milites
481 1350 518 1406 ut
539 1346 630 1406 Vitel·
671 1346 796 1424 instiget
808 1350 844 1405 ut
857 1345 1015 1422 imperium
1036 1346 1171 1423 accipiat.

91 1453 171 1513 lium
185 1454 394 1530 imperatorem
408 1448 603 1513 consalutent.
717 1456 794 1526 ,tres
811 1451 905 1528 patris
922 1453 1093 1514 consulatus
1111 1473 1212 1521 eonsu-

141 1563 638 1634 οὐῑτέλλιος...πατρόςτετψητοῡ
677 1577 742 1617 ram
763 1558 919 1636 collegium
941 1556 1093 1619 Caesaris”

90 1673 144 1726 καὶ
172 1673 233 1742 τρὶς
258 1672 369 1725 ὑπάτου
397 1671 560 1742 γενομένου
588 1671 635 1724 root
715 1664 739 1724 Ι.
755 1665 783 1724 9.
801 1664 855 1738 ,h
869 1664 1031 1725 Vitellius.
1054 1711 1061 1726 .
1085 1713 1091 1726 .
1113 1686 1211 1728 censo·

91 1774 236 1846 Emeum
270 1776 396 1848 Καίσαρι
429 1776 540 1847 τρόπον
572 1777 635 1831 nod
674 1771 715 1831 ris
736 1770 850 1831 Vitellii
871 1789 905 1831 ac
925 1775 971 1832 ter
999 1772 1127 1833 consulis
1155 1773 1211 1833 iili·

91 1881 303 1952 συνάρξαντος.
319 1877 341 1952 ¹)
676 1876 741 1937 us.’‘

141 2024 240 2092 Idem
263 2024 376 2092 denuo
399 2024 492 2112 apud
515 2029 700 2112 utrumque
723 2024 846 2090 modus
875 2045 1037 2111 personas
1066 2026 1104 2092 in
1135 2048 1211 2094 nar·

90 2141 239 2208 rationis
261 2162 456 2228 connexum
479 2139 653 2207 inserendi
676 2140 794 2206 elucet.

139 2259 241 2325 Nunc
263 2257 356 2346 quod
375 2257 419 2324 ad
437 2257 540 2324 totius
559 2257 671 2344 operis
689 2256 973 2343 compositionem
988 2258 1120 2324 attinet.
1140 2258 1210 2325 Ini-

87 2374 142 2441 tio
168 2372 373 2441 Plutarchus
403 2373 511 2440 vitam
535 2371 746 2439 conscribere
769 2371 905 2438 videtur
927 2392 1021 2439 more
1045 2371 1208 2456 Suetonii,

88 2489 154 2576 qui
175 2489 278 2555 etiam
300 2486 444 2574 incipiat
466 2509 527 2574 per
549 2486 833 2553 memorationem
856 2487 997 2573 originis
1018 2488 1208 2577 priorisque

87 2605 186 2672 vitae
204 2602 427 2690 imperatoris.
448 2601 630 2669 Suetonius
648 2601 773 2669 deinde
795 2623 890 2668 more
913 2602 1011 2668 solito
1029 2605 1208 2671 materiem

87 2855 154 2900 suo
184 2832 294 2920 capite
325 2837 510 2899 enarretur.
541 2831 745 2898 Plutarchus
775 2852 867 2913 vcro,
897 2836 937 2898 ut
968 2833 1123 2921 quisque,
1147 2835 1206 2922 qui
1308 2854 1310 2858 ·

87 2950 156 3015 has
178 2951 267 3016 vitas
289 2946 479 3034 perlegerit,
499 2945 641 3028 videbit,
658 2946 767 3032 magis
783 2945 959 3034 magisque
981 2947 1051 3014 fere
1074 2970 1204 3016 meram

87 3063 272 3130 historiam
288 3060 434 3129 scribere
450 3061 562 3148 pergit
578 3066 729 3148 excepto,
749 3061 841 3149 quod
857 3061 1042 3128 nonnullas
1064 3084 1118 3129 res
1131 3085 1205 3150 gra·
1288 3039 1291 3062 ι

86 3199 161 3260 ves,
182 3199 269 3265 quae
292 3177 408 3261 minus
430 3176 672 3264 imperatorem
695 3176 877 3263 attingant,
901 3177 1037 3259 omittit,
1060 3177 1203 3259 fabulas,
1284 3228 1286 3232 .

87 3292 277 3382 peculiaria
296 3312 357 3358 suo
375 3291 449 3358 loeo
472 3290 625 3358 innectit.
649 3292 781 3379 Reapse
801 3290 1055 3378 quodammodo
1078 3291 1119 3359 de
1143 3314 1203 3359 suo

87 3408 264 3496 proposito
286 3407 375 3475 vitas
397 3405 633 3474 conscribendi
657 3406 805 3489 deflexit,
829 3407 920 3494 quod
947 3407 1066 3493 procul
1096 3407 1201 3475 dubio

87 3524 199 3591 Taciti
221 3522 299 3589 usui
321 3520 561 3588 ascribendum
585 3543 654 3588 esse
680 3527 850 3608 putamus.
879 3521 1042 3588 Attamen
1064 3522 1202 3608 gravius

87 3644 139 3706 est
169 3637 265 3705 aliud
295 3642 537 3723 argumentum
569 3636 670 3725 quod,
702 3636 860 3723 quamvis
889 3636 933 3703 ab
967 3635 1043 3702 aliis
1072 3637 1099 3724 2)
1129 3636 1200 3703 iam

125 3815 153 3883 1)
171 3814 249 3879 Quod
266 3815 421 3868 Plutarchus
438 3814 471 3868 de
489 3814 589 3868 Vitellii
607 3821 759 3883 paupertate
776 3813 855 3879 addit,
876 3813 951 3866 facile
968 3812 1001 3865 de
1019 3830 1065 3866 suo
1083 3831 1138 3867 esse
1155 3832 1200 3882 po-

87 3920 146 3967 test.
160 3913 213 3966 Res
227 3919 283 3965 erat
300 3911 441 3965 notisnma.
460 3913 491 3964 ci.
511 3912 581 3965 Suet.
601 3912 655 3965 vit.
676 3913 699 3965 7.
720 3911 806 3977 „Satis
823 3918 922 3964 constat
940 3910 1041 3963 exituro
1060 3911 1103 3978 (sc.
1117 3911 1199 3964 Vitel-

84 4010 121 4062 lio
140 4010 168 4062 in
185 4009 334 4062 inferiorern
356 4008 535 4073 Germaniam)
558 4009 680 4063 viaticum
703 4008 822 4075 defuisse,
846 4016 918 4062 tanta
941 4015 1052 4076 egestate
1070 4008 1107 4061 rei
1125 4008 1199 4060 fami·

85 4106 167 4172 Haris,
185 4113 214 4159 ut
232 4105 298 4158 etc”

122 4202 151 4273 2)
169 4202 208 4256 cf.
228 4202 329 4257 claeon.
347 4204 365 4256 l.
383 4205 400 4256 l.
420 4221 461 4274 pg.
481 4205 522 4258 15.
541 4205 637 4272 Lange.
655 4204 672 4256 l.
692 4204 709 4256 l.
728 4221 769 4274 pg.
789 4203 831 4258 60.
851 4203 950 4257 Leuius.
969 4204 986 4256 l.
1005 4204 1022 4254 l.
1041 4221 1083 4272 pg.
1104 4205 1143 4257 15.
