3038 5190
740 550 783 613 64

248 735 296 801 of.
323 737 357 803 O.
383 738 457 803 Dic.
483 740 534 805 64.
561 742 590 806 8.
615 740 657 806 de
682 706 840 808 Othone:¹
857 742 877 805 6
886 763 924 817 τε
933 742 1006 822 βίος
1018 745 1122 806 αὐτοῦ
1136 747 1228 826 καὶὴ
1247 744 1333 807 dlac-

203 869 253 923 τα,
275 850 315 912 τό
336 872 374 913 τε
394 859 442 931 τῷ
464 852 586 935 Σπόρῳ
608 865 765 930 συνεῖναι,
780 859 835 919 καὶ
855 857 895 920 τὸ
916 868 987 938 τοῖς
1007 858 1136 940 λοιποῖς
1158 869 1233 939 τοῖς
1260 859 1331 922 Νε-

202 966 355 1045 ρωνείοις
376 967 532 1049 χρῆσθαι,
562 970 649 1032 πάνυ
675 972 804 1053 πάντας
831 971 998 1054 ἐξεφόβει.
1029 977 1082 1041 63.
1109 977 1161 1042 13.
1191 977 1236 1042 de
1263 977 1336 1041 Ne-

202 1101 298 1145 rone:
326 1081 489 1161 Ὼνόμασε
510 1083 549 1146 de*
569 1083 717 1166 Σαβίναν
738 1085 799 1148 τὸν
820 1086 963 1167 Σαόρον.

246 1202 371 1268 Narrat
390 1200 494 1286 igitur
516 1200 586 1265 fere
607 1184 728 1265 eadem
752 1200 794 1266 de
819 1201 955 1266 Othone
979 1208 1012 1267 et
1034 1203 1169 1268 Nerone
1194 1204 1233 1270 O.
1260 1205 1333 1270 Dio

200 1340 239 1383 ac
262 1315 467 1383 Plutarchus
490 1314 532 1380 de
556 1314 780 1401 Nymphidio
813 1316 891 1381 Mea
922 1317 1084 1403 opinione
1112 1317 1245 1384 multae
1267 1321 1332 1385 -fa-

200 1431 309 1498 bellae
333 1452 371 1497 eo
395 1436 548 1516 tempore
580 1429 617 1494 in
649 1451 706 1495 ore
735 1430 919 1495 hominum
943 1432 1061 1497 autin
1085 1432 1200 1519 aliquo
1236 1433 1333 1499 libro

199 1547 406 1633 perscriptae
437 1550 544 1625 erant,
569 1565 663 1631 quas*
677 1544 866 1631 scriptores,
898 1547 1043 1633 quisque
1075 1569 1135 1612 suo
1152 1531 1332 1631 arbitrio,

198 1660 396 1748 ubicunque
407 1660 443 1725 id
463 1649 628 1725 idoneum
647 1659 839 1742 videbatur,
860 1661 896 1726 in
917 1663 1029 1748 operis
1049 1662 1101 1726 sui
1122 1683 1330 1729 connexum

198 1774 405 1842 inserebant.
437 1776 547 1862 Igitur
571 1775 654 1840 ordo
678 1796 717 1840 ao
745 1775 838 1841 locus
862 1776 983 1842 talium
1007 1776 1203 1843 fabularum
1230 1781 1331 1865 apud

199 1891 305 1958 alium
329 1891 417 1958 alius
441 1896 499 1957 est.
524 1892 661 1957 Praeter
684 1890 775 1956 locos
794 1898 1001 1957 memoratos
1019 1892 1187 1958 habemus
1208 1915 1330 1959 exem-

199 2007 297 2094 plum
322 2007 362 2072 G.
395 2007 426 2087 5,
456 2005 516 2071 ubi
546 2012 704 2072 narratur
730 2006 820 2071 Nero
851 2012 928 2093 post
958 2013 1092 2072 motum
1124 2007 1326 2075 Galliarum

199 2123 398 2188 nuntiatum
418 2142 453 2186 se
472 2107 657 2187 Vindicem
674 2126 892 2186 contemnere
909 2121 1094 2189 simulasse.
1119 2123 1208 2187 Item
1229 2123 1326 2190 Suet.

198 2239 298 2304 Nero,
331 2238 384 2302 40.
422 2236 484 2317 „de
511 2241 607 2301 motu
639 2236 830 2301 Galliarum
862 2238 1031 2322 cognovit,
1063 2238 1118 2323 (so.
1147 2239 1252 2329 Nero)
1280 2279 1327 2287 —

199 2353 352 2439 adeoque
381 2351 475 2418 lente
506 2373 546 2416 ac
573 2372 688 2416 secure
712 2350 791 2416 tulit
814 2357 853 2416 ut
874 2350 1055 2436 gaudentis
1082 2353 1185 2421 etiam
1213 2356 1327 2441 suspi-

198 2467 330 2532 tionem
350 2465 538 2553 praeberet‚
557 2471 736 2552 tamquam
756 2466 931 2532 occasione
955 2472 1035 2532 nata
1059 2467 1325 2554 spoliandarum

196 2583 269 2648 iure
278 2580 360 2648 belli
372 2580 710 2668 opulentissimarum
718 2581 1008 2667 provinciarum.''
1021 2581 1228 2648 Plutarchus
1235 2606 1323 2650 vero

198 2697 342 2764 Neronis
360 2696 498 2762 facetias
517 2696 559 2761 de
580 2696 754 2761 occasione
779 2696 1037 2783 spoliandarum
1058 2698 1323 2783 provinciarum

196 2820 273 2901 post
292 2812 439 2878 Galbam
462 2833 482 2877 a
506 2816 626 2876 senatu
648 2804 783 2878 hostem
806 2813 996 2879 iudicatum
1020 2813 1134 2879 tradit.
1157 2813 1249 2879 Suet.
1277 2816 1321 2882 N.

196 2931 248 2996 42.
276 2931 482 3015 „Postquam
506 2926 630 2992 deinde
653 2927 757 2993 etiam
782 2915 928 2994 Galbam
949 2934 981 2994 et
1001 2929 1187 3015 Hispanias
1212 2930 1323 2996 desci-

197 3045 285 3112 visse
309 3043 531 3129 cognovit-
550 3063 657 3129 prope
680 3043 928 3108 intermortuus
950 3044 1117 3139 iacuit-
1137 3050 1252 3110 actum
1276 3047 1321 3112 de

196 3181 231 3226 se
254 3181 391 3246 pronun
393 3158 502 3225 t-iavit.
479 3158 601 3224 t''47.
628 3158 793 3239 „Nuntt
730 3163 814 3223 ttraa
833 3158 970 3224 interim
997 3135 1100 3225 etiam
1124 3166 1319 3226 ceterorum

195 3276 322 3341 exercit
323 3296 408 3340 uum
440 3271 646 3353 defect't,10ne
678 3272 732 3338 litt
704 3278 808 3338 tteras
839 3272 1023 3360 prandenti
997 3272 1125 3339 tsibi
1163 3275 1319 3342 redditas

64 3388 65 3391 ’
194 3389 393 3476 concerpsit,
418 3409 574 3470 mensam
600 3386 796 3454 subvertit‚''
821 3389 1012 3455 Narrantur
1043 3388 1168 3454 deinde
1200 3411 1318 3476 supre-

194 3529 251 3572 ma
274 3505 429 3571 Neronis.
453 3503 657 3570 Plutarchus
679 3509 798 3569 eontra
821 3511 897 3590 post
925 3504 1087 3569 nuntium
1111 3504 1153 3569 de
1182 3505 1316 3572 Galbae

194 3622 312 3688 defert
289 3628 404 3686 trono
398 3619 479 3685 allat
465 3625 541 3684 tum
557 3620 728 3685 Neronem
745 3618 973 3706 prandentem
994 3641 1150 3719 mensam
1174 3619 1314 3687 subver-

193 3738 272 3802 tisse
288 3742 366 3802 auct
368 3757 405 3800 or
421 3741 533 3800 est.-
489 3733 631 3799 -Obit
617 3739 701 3799 tter
687 3733 899 3800 tractaboG
921 3735 972 3799 10.
999 3734 1041 3799 de
1061 3709 1241 3819 Verginio:
1254 3756 1312 3814 με·

188 3853 287 3931 odore]
302 3850 387 3932 ῥοπὴ
398 3858 468 3928 τοῖς
483 3847 650 3927 Ῥωμαίων
663 3848 835 3931 πράγμασι
849 3868 976 3928 repara
976 3847 1048 3929 ldog
1063 3848 1148 3927 ὁμοῦ
1158 3849 1311 3932 χαλεπῆς

192 3968 247 4028 καὶ
269 3965 464 4029 Γαλατικῶν
478 3963 636 4045 πολέμων
650 3963 826 4046 ἀπαλλαγῇ
848 3964 1046 4046 γενόαενος,
1069 3982 1172 4052 quem
1196 3966 1308 4032 locum

192 4083 391 4169 praesertim
408 4082 452 4147 ad
468 4081 557 4148 Suet.
575 4083 615 4147 N.
633 4081 685 4147 47.
706 4081 890 4162 „Nuntiata
906 4080 1046 4145 interim
1063 4080 1168 4146 etiam
1186 4087 1308 4147 oetero-

194 4220 272 4262 rum
305 4197 517 4262 exercituum
550 4196 737 4261 defectione
761 4196 845 4260 etc.''
870 4195 1037 4281 quadrare
1060 4200 1153 4281 puto.
1178 4196 1309 4261 Iniuria
