3038 5190
543 550 653 627 '35

75 755 199 821 necker
214 756 240 843 1)
257 754 512 821 demonstravit.
537 753 616 821 Alia
640 748 784 841 quoque,
809 775 895 840 quae
919 754 960 821 de
977 755 1102 837 animo,
1119 777 1186 843 quo

74 870 210 936 Tacitus
243 870 412 936 Historias
446 869 691 957 conscripserit,
726 869 846 934 Nissen
882 870 1019 956 profert,
1048 869 1187 935 infirma

74 990 154 1051 sunt
174 984 403 1071 facillimeque
425 983 596 1051 debilitari
619 988 762 1072 possunt
783 984 819 1049 2l.

118 1100 292 1166 Postremo
309 1100 512 1165 contendere
528 1098 634 1166 velim
650 1097 785 1164 nullum
801 1097 915 1164 adhuc
932 1098 1080 1181 firmum,
1094 1099 1185 1186 quod

76 1215 267 1283 communis
289 1216 392 1281 fontis
414 1237 515 1281 usum
538 1213 668 1301 probet,
684 1199 842 1280 Tacitum
863 1215 994 1280 fontem
1017 1214 1072 1281 vel
1095 1214 1185 1280 inter
1257 1263 1259 1268 -

11 1401 13 1407 ,
75 1332 185 1396 fontes
206 1353 227 1397 a
249 1330 432 1397 Plutarcho
463 1328 658 1397 adhibitum
687 1351 764 1395 esse
786 1328 976 1416 prohibeat,
1010 1351 1188 1415 argumen-

76 1452 150 1513 tum
173 1451 313 1512 exstare.
338 1446 463 1525 Quales
484 1446 521 1511 in
541 1444 767 1532 difficultates,
783 1444 932 1509 eundem
954 1437 1130 1510 Plutarchi
1148 1466 1187 1510 ac

76 1560 185 1627 Taciti
206 1565 379 1628 auctorem
394 1565 589 1642 statuentes,
606 1557 815 1641 delabamur,
833 1557 942 1625 obiter
956 1559 1027 1626 iam
1046 1551 1185 1625 demon-

76 1676 190 1765 stravi.
216 1675 269 1741 Ad
293 1651 436 1743 alteram
458 1680 591 1762 partem
615 1696 694 1761 ergo
717 1673 928 1741 accedamus

119 1955 256 2021 Tacitus
267 1954 442 2021 Plutarchi
454 1959 581 2020 auctor.
593 1993 637 2002 -
648 1954 843 2020 Necessario
856 1953 1060 2021 Plutarchus
1070 1955 1108 2019 in
1121 1955 1188 2042 pri-

76 2090 133 2134 ore
157 2068 285 2136 Galbae
304 2070 394 2138 vitae
418 2075 513 2157 parte
537 2068 604 2135 alio
623 2091 662 2136 ac
678 2069 795 2135 Tacito
812 2071 905 2135 fonte
927 2091 1008 2136 usus
1031 2076 1090 2153 est,
1108 2091 1189 2158 quo-

76 2184 172 2250 niam
194 2184 275 2250 huic
293 2184 432 2250 initium
455 2184 565 2270 operis
587 2205 699 2249 annus
722 2185 774 2266 69,
797 2183 849 2249 illi
872 2171 1014 2251 defectio
1031 2185 1187 2253 Vindicis

77 2299 134 2382 (m.
152 2300 275 2365 Martio
298 2301 334 2366 a0
356 2300 408 2365 68.
426 2298 465 2365 G.
483 2299 516 2386 4)
533 2304 591 2364 est.
609 2298 692 2377 Quis
708 2298 766 2364 ille
782 2321 897 2364 rerum
914 2300 997 2365 anni
1014 2301 1056 2366 68
1072 2305 1189 2366 auctor

75 2415 177 2481 fuerit
191 2414 629 2502 inquireresupervacuum
645 2419 704 2495 est,
724 2435 802 2479 cum
826 2414 962 2480 nullum
986 2421 1116 2482 certum
1138 2416 1190 2480 in·
1224 2482 1228 2489 ,

75 2529 204 2595 dicium
223 2528 426 2616 suppeditet.
440 2529 519 2594 -Nec
543 2529 618 2615 quis
628 2533 798 2614 ,gravetur
819 2528 916 2594 illam
938 2550 960 2595 a
983 2528 1189 2617 quibusdam

74 2644 157 2711 viris
187 2643 294 2710 doctis
316 2644 527 2731 propositam
549 2643 660 2729 legem
682 2644 776 2710 unici
799 2649 954 2711 veterum
983 2645 1187 2732 scriptorum

74 2758 178 2825 fontis
204 2758 298 2825 haud
322 2759 460 2825 servari.
492 2757 557 2826 Vel
584 2758 759 2823 communi
782 2759 875 2824 fonte
899 2764 1035 2840 statuto,
1059 2758 1191 2824 Plutar-

76 2873 181 2939 chum
197 2872 374 2939 nonnullis
388 2871 471 2938 locis
487 2871 595 2938 alium
611 2873 752 2958 insuper
767 2878 940 2939 auctorem
956 2873 1115 2940 habuisse
1132 2895 1190 2960 ap-

73 2995 178 3074 paret.
202 2989 242 3054 E.
265 3010 293 3054 c.
318 2987 358 3053 G.
383 2989 435 3067 28,
458 2986 519 3053 ubi
541 2992 655 3053 noster
676 2987 781 3052 tradit
804 2987 1008 3074 Helvidium
1030 2988 1187 3054 Priscum

76 3102 205 3170 Galbae
229 3124 351 3190 corpus
373 3102 556 3184 sustulisse,
581 3102 726 3188 Argium
749 3101 946 3189 sepilivisse,
974 3124 1054 3168 cum
1077 3096 1115 3168 T.
1140 3090 1188 3168 Η.4

75 3267 141 3319 citus
154 3265 204 3318 den
218 3265 288 3318 Otho
302 3266 360 3319 weit
373 3265 542 3334 ungiinstiger
555 3264 693 3318 beurtheilt
707 3267 744 3318 als
758 3266 812 3318 sein
832 3266 991 3333 Vorgdnger.
1012 3266 1076 3318 Dies
1089 3266 1123 3318 ist
1136 3283 1188 3318 von

75 3380 140 3416 vorn
162 3363 251 3416 hersin
272 3363 344 3415 nicht
363 3381 394 3414 zu
415 3363 593 3416 vernundern.
616 3362 799 3430 Naohsichtige
819 3363 1007 3430 Beurtheilung
1029 3380 1082 3415 war
1104 3363 1188 3415 einem

73 3459 214 3512 flavischen
228 3459 496 3512 Geschichtschreiber
509 3460 577 3512 nahe
590 3457 683 3527 gelegt,
698 3459 811 3510 insolern
824 3476 852 3510 er
863 3459 892 3510 in
901 3459 1024 3511 Vitellius
1033 3459 1082 3511 den
1093 3460 1189 3526 cigent-

74 3556 160 3608 lichen
173 3556 256 3608 Feind
270 3557 349 3609 seheu
363 3563 467 3622 musste,
481 3557 509 3607 in
518 3556 570 3608 den
584 3557 654 3608 alten
668 3555 827 3630 Anhangem
846 3554 928 3608 Othos
945 3556 1072 3609 vielmehr
1090 3557 1189 3615 Freun·

74 3653 108 3705 de
121 3653 174 3706 und
188 3652 361 3706 Verbiindete.
381 3653 504 3720 Dagegen
523 3653 637 3721 verglioh
655 3653 697 3704 die
716 3653 869 3719 traianische
891 3653 948 3704 Zeit
961 3653 1003 3704 die
1017 3652 1113 3704 Politils
1127 3653 1189 3704 Gal·

75 3750 121 3803 bae
133 3751 181 3802 mit
194 3750 341 3818 derjenigen
355 3751 456 3803 Nervas
469 3750 523 3802 und
537 3750 654 3802 erkantte
668 3750 746 3802 sehon
758 3749 856 3802 damals
864 3749 907 3800 ihr
920 3749 993 3801 ideal
1007 3749 1078 3801 einer
1089 3732 1190 3802 *staats-

74 3847 193 3914 ordnung
212 3847 392 3910 verwirklicht,
412 3847 519 3922 welches
539 3845 609 3897 dann
629 3845 671 3898 die
692 3847 845 3914 Empdrung
867 3844 950 3897 Othos
971 3845 1000 3897 in
1022 3845 1188 3898 frevelhaiter

75 3944 163 3997 Weise
179 3944 365 3997 vernichtete.''

112 4042 139 4108 1)
156 4042 173 4093 l.
192 4042 209 4093 l.
228 4059 286 4117 pgg.
305 4040 419 4093 41-43.

110 4136 138 4204 2)
156 4137 250 4190 Nissen
268 4138 285 4188 l.
304 4138 321 4189 l.
340 4154 398 4204 pgg.
418 4135 564 4190 ara-525.
584 4136 710 4188 Beckurts
727 4136 744 4187 l.
763 4136 781 4187 l.
800 4153 858 4202 pgg.
874 4133 908 4187 32
923 4152 977 4202 sqq.
998 4135 1188 4187 Gersteneclrer

75 4234 92 4286 1.
112 4234 129 4285 ι,
148 4234 260 4288 43-48.

1014 4316 1054 4380 3*
