3038 5190
882 539 985 626 cc,

352 752 405 796 res
420 730 572 796 hostium
591 729 792 817 spectandas
811 750 964 816 quaeque
984 728 1076 815 apud
1099 729 1303 796 Cremonam
1323 737 1405 797 acta
1425 732 1480 796 fo-

353 851 429 912 rent
451 846 574 933 missus
597 850 655 912 est.
681 845 852 931 „Agrestis
868 844 912 910 ad
932 844 1111 912 Vitellium
1129 847 1294 914 remeavit
1311 846 1477 912 abnuen-

354 961 448 1047 tique
460 965 540 1029 vera
552 983 632 1043 esse,
646 982 732 1047 quae
755 960 911 1041 adferret,
932 965 1034 1046 atque
1046 960 1134 1026 ultro
1152 966 1352 1047 corruptum
1373 983 1479 1048 argu-

354 1077 438 1142 enti:
457 1076 769 1163 ‘quandoquidem',
791 1075 914 1162 inquit,
931 1077 1074 1160 '‘magno
1092 1076 1297 1142 documento
1313 1098 1404 1163 opus
1422 1083 1476 1143 est

354 1213 416 1257 nec
429 1191 515 1257 alius
530 1192 600 1257 iam
616 1190 678 1257 tibi
690 1196 749 1256 aut
761 1190 849 1257 vitae
865 1195 925 1257 aut
939 1191 1057 1256 mortis
1075 1213 1171 1257 meae
1187 1213 1276 1274 usus,
1291 1191 1394 1273 debe,
1415 1193 1475 1258 cui

354 1306 490 1373 credas'.
503 1311 604 1394 atque
615 1307 664 1372 ita
676 1306 844 1392 digressus
852 1305 1044 1373 voluntaria
1056 1312 1165 1372 morte
1178 1305 1268 1372 dicta
1280 1305 1476 1373 firmavit.''

398 1421 494 1501 Cap,
507 1424 563 1489 13.
575 1421 819 1508 Nymphidius,
834 1426 873 1486 ut
892 1419 1039 1487 Galbam
1055 1426 1189 1502 terreat,
1207 1421 1298 1487 'inter
1317 1420 1425 1508 plura
1443 1421 1477 1487 ei

354 1535 472 1601 scribit
490 1557 525 1601 se
538 1537 613 1616 περὶ
627 1543 696 1597 τῶν
709 1535 748 1596 ἐν
763 1533 864 1616 Συρίᾳ
878 1537 933 1596 καὶ
948 1533 1085 1615 Ἰουδαίᾳ
1100 1533 1278 1614 δυνάμεων
1292 1534 1394 1614 ὅμοια
1412 1537 1474 1624 (sc.

354 1671 407 1716 res
427 1652 545 1738 novas)
563 1649 800 1714 πυνθάνεσθαι.
1399 1636 1401 1640 ’

399 1766 489 1834 Cave
501 1787 544 1832 ne
556 1788 598 1832 ex
610 1766 653 1831 iis
665 1764 850 1832 concludas
856 1765 927 1831 iam
940 1786 979 1831 eo
987 1770 1139 1851 tempore
1148 1765 1404 1852 Vespasianum
1418 1789 1473 1833 res

349 1902 463 1949 novas
477 1881 636 1947 molitum
652 1902 732 1947 esse.
758 1881 798 1948 cf.
824 1881 902 1947 Tac.
922 1880 967 1948 H.
988 1881 1015 1946 I.
1041 1881 1093 1947 10.
1119 1880 1261 1962 „Oriens
1276 1882 1392 1948 adhuc
1409 1884 1475 1948 im·

355 1996 498 2062 motus.’'
514 1995 559 2062 II.
579 1998 609 2077 1,
629 1995 689 2062 ubi
704 2000 991 2061 commemoratur
1006 1995 1123 2061 Titum
1138 2018 1158 2063 a
1176 2002 1282 2083 patre,
1301 1997 1472 2063 incolumi

355 2112 468 2178 adhuc
484 2110 603 2193 Galba,
617 2111 718 2176 officii
734 2132 812 2197 erga
826 2111 1019 2198 principem
1035 2131 1135 2177 causa
1154 2112 1303 2177 Romam
1322 2113 1471 2179 missum

356 2248 435 2292 esse.
458 2225 638 2292 Manifesto
658 2226 804 2291 ornandi
815 2234 924 2292 'causa
939 2225 1144 2291 Plutarchus
1159 2225 1244 2291 haec
1261 2227 1419 2311 inseruit,
1435 2234 1473 2294 ut

356 2340 396 2406 G.
421 2341 473 2421 14,
496 2339 556 2405 ubi
580 2339 772 2405 Antonium
798 2340 1016 2405 Honoratum
1040 2324 1186 2405 Galbam
1209 2339 1270 2402 τὸν
1291 2341 1330 2403 ἐκ
1351 2339 1472 2422 Λιβίας

355 2454 593 2520 nominantem
607 2453 696 2520 facit.
715 2455 803 2520 Nam
816 2453 906 2519 filius
922 2436 1110 2520 Mummiae
1123 2455 1292 2521 Achaicae
1305 2455 1350 2541 (S.
1366 2456 1408 2522 G.
1428 2458 1472 2543 3),

356 2565 472 2656 postea
488 2590 508 2634 a
522 2568 620 2636 Livia
636 2569 790 2635 Ocellina
813 2570 995 2656 adoptatus
1010 2575 1068 2635 est.
1088 2568 1132 2654 (S.
1150 2569 1190 2636 G.
1211 2571 1244 2656 4)
1261 2570 1328 2636 Sed
1347 2569 1411 2632 τὸν
1433 2572 1472 2634 ἐκ

356 2682 472 2764 Λιβίας
492 2684 625 2765 dicit‚ut
647 2684 770 2750 clarius
785 2684 876 2750 inter
894 2705 929 2749 se
950 2689 1168 2770 opponantur
1187 2685 1438 2772 Nymphidius
1454 2686 1473 2748 ὁ

356 2798 395 2860 ἐκ
405 2797 594 2879 Νυμφιὸλας
606 2798 771 2887 (libertae)
784 2805 816 2865 et
828 2798 947 2880 Galba,
958 2797 1025 2860 ὁέκ
1035 2796 1151 2878 Λιβίας
1163 2779 1306 2885 (clarum
1316 2802 1471 2887 nomen).

400 2913 440 2979 G.
462 2915 514 2980 22.
536 2913 730 2980 Germanici
747 2914 914 2979 exercitus
932 2912 1058 2978 milites
1073 2935 1171 2999 aegre
1187 2914 1301 2980 ferunt
1319 2913 1472 2981 Galbam

356 3029 537 3096 Vindicem
548 3037 645 3107 τιμάν
655 3025 840 3108 τεάνηκάτα
850 3029 905 3089 καὶ
911 3030 1082 3109 γεραίρειν
1090 3025 1472 3110 ὁημοσλοιςένανισμοῑς.

360 3143 465 3209 Omni
495 3165 596 3234 sensu
612 3140 700 3227 'talis'
726 3144 883 3211 Vindicis
909 3138 1083 3211 veneratio
1111 3149 1202 3209 caret
1224 3142 1472 3231 Plutarchique

358 3257 470 3323 studio
494 3234 638 3324 caecarli¹
652 3254 802 3323 militum
828 3256 916 3324 iram
938 3257 1134 3323 illustrandi
1157 3254 1364 3344 imputanda
1388 3265 1447 3326 est.

402 3353 520 3441 Obiter
534 3370 873 3439 lectorum'animum
893 3372 937 3438 ad
957 3371 1214 3439 memorabilem
1233 3372 1327 3439 hunc
1349 3373 1469 3440 locum

359 3487 535 3555 deflectere
558 3485 667 3574 cupio.
693 3486 741 3553 Ο(
754 3489 805 3553 13.
832 3487 854 3554 i.
877 3488 900 3553 f.
923 3485 1022 3548 Ἀλλά
1042 3483 1161 3548 πολλοὶ
1181 3484 1387 3568 κατεγέλων,
1415 3489 1469 3550 καὶ

360 3599 571 3684 Μιθριδάτης
593 3599 799 3681 άΠοντικός
825 3601 1043 3665 ἐπισκώπτων
1069 3601 1131 3682 τὴν
1152 3599 1396 3684 φαλακρότητα
1415 3606 1470 3666 καὶ

359 3715 631 3798 ῥασσάτητατοῦ
652 3712 767 3797 Γάλβα
788 3724 848 3778 νῦν
871 3716 938 3798 ἔφη
959 3711 1032 3778 τινὰ
1054 3713 1166 3779 ὁοκελν
1186 3692 1270 3779 εἶναι
1292 3714 1466 3799 Ῥωμαίοις,

361 3829 513 3911 ὀφθέντα
540 3829 579 3892 oe
612 3829 790 3912 φανεῖσθαι
817 3838 887 3892 τῶν
916 3831 1052 3912 ἡμερῶν
1081 3830 1220 3905 τούτων,
1250 3832 1292 3911 dg
1321 3832 1464 3896 καλεῖται

304 4018 307 4023 1
363 3943 507 4025 Καῖσαρ,
529 3943 669 4025 ὄνειδος.
698 3945 856 4012 Declarat
885 3944 942 4010 hic
964 3944 1057 4010 locus
1086 3967 1205 4012 vocem
1231 3946 1396 4028 „Caesar”
1420 3969 1461 4014 co

362 4059 500 4127 haerere
524 4081 602 4125 cum
625 4058 790 4127 vocabulo
816 4060 1028 4142 „caesaries''‚
1051 4060 1099 4127 ita
1122 4066 1160 4127 ut
1185 4061 1349 4142 „Caesar”
1380 4062 1461 4149 prin·

364 4175 454 4262 cipio
471 4174 712 4260 significaverit
731 4174 837 4256 „bene
852 4166 1051 4261 capillatus''
1063 4181 1174 4262 atque,
1187 4176 1281 4243 velut
1294 4177 1480 4272 „Calvus”‚
