3038 5190
603 556 642 620 81

63 747 194 834 plicare
213 746 331 828 voluit,
351 747 419 829 sed,
440 769 518 812 cum
537 747 582 813 ad
601 747 755 812 futurum
771 746 973 833 Vespasiani
990 746 1175 832 imperium

63 863 153 929 illud
177 864 371 952 prodigium
393 868 543 950 spectare
575 863 686 929 dicere
717 861 897 943 debuisset,
928 861 1012 928 falso
1042 862 1176 947 addidit
1264 912 1271 928 .

62 979 102 1044 id
124 979 273 1047 evenisse
289 1000 328 1044 eo
347 984 509 1065 tempore,
527 999 594 1065 quo
610 977 726 1065 palam
743 977 972 1064 Vespasianus
990 977 1174 1064 imperium

62 1093 133 1160 sibi
156 1095 329 1162 vindicare
352 1094 491 1160 studuit.

109 1209 206 1290 (lap.
226 1213 259 1278 5.
282 1209 457 1276 Nonnulla
490 1209 694 1276 Plutarchus
727 1209 841 1274 minus
872 1214 1026 1275 accurate
1061 1208 1174 1302 tradit.

59 1323 157 1390 Dicit
184 1321 276 1389 enirn
307 1323 490 1404 Othonem,
515 1323 558 1388 ad
582 1321 712 1389 bellum
743 1323 984 1409 profecturum,
1015 1321 1175 1390 Flavium

64 1438 236 1505 Sabinum
258 1438 336 1505 urbi
364 1439 571 1526 praefecisse.
606 1439 734 1505 Putant
763 1438 894 1504 Krauss
924 1437 945 1504 1.
961 1438 983 1504 l.
1015 1438 1094 1505 adn.
1123 1439 1175 1518 20,

61 1553 190 1639 Hardy
214 1575 242 1620 a.
267 1554 301 1620 h.
325 1553 358 1635 1.,
389 1553 564 1619 Plutarchi
594 1553 826 1619 narrationem
856 1558 945 1618 recte
975 1575 1009 1619 se
1039 1552 1175 1620 habere.

61 1668 114 1733 At
140 1668 213 1733 iure
242 1668 361 1733 Leuius
383 1667 405 1734 l.
431 1667 452 1734 1.
485 1689 540 1755 pg.
573 1668 625 1733 97.
658 1667 736 1733 adn.
766 1670 784 1733 1
817 1667 974 1735 observat
1003 1690 1073 1733 non
1104 1668 1176 1735 veri

59 1783 177 1849 simile
194 1804 264 1849 esse
281 1782 454 1849 Othonem
479 1804 625 1864 ,munus
643 1781 728 1848 illud
749 1783 990 1868 gratissimum
1009 1783 1093 1849 duos
1106 1784 1176 1849 lere

64 1919 204 1963 menses
226 1917 373 1965 vacuum
396 1897 604 1984 reliquisse.''
634 1897 732 1962 Lezio
757 1919 836 1982 ergo
859 1898 1024 1963 assentior
1046 1897 1177 1963 Plutar-

60 2013 171 2079 chum
192 2034 277 2099 quae
300 2018 401 2079 antea
424 2013 591 2078 omisisset
612 2012 677 2077 hoo
700 2011 774 2078 loco
797 2013 986 2078 inseruisse.

109 2127 162 2192 De
187 2126 322 2193 Othone
355 2127 468 2193 statim
498 2127 596 2192 initio
631 2126 722 2207 belli,
753 2132 792 2192 ut
820 2132 935 2192 noster
959 2127 1073 2208 tradit,
1104 2127 1177 2193 Bri-

58 2241 148 2309 xolli
171 2246 379 2323 remanente,
401 2242 480 2308 vide
503 2227 641 2307 Lezium
663 2241 728 2307 1.1.
753 2263 829 2328 pgg.
851 2244 903 2324 98,
924 2244 976 2308 99.

107 2357 199 2422 Tum
229 2356 369 2423 demum
404 2355 608 2422 Plutarchus
630 2361 786 2422 autumat
817 2356 919 2422 duces
940 2357 1046 2444 copiis
1077 2356 1176 2423 desti-

57 2476 163 2537 natos
186 2493 265 2538 esse.
301 2470 366 2537 Sed
388 2471 459 2536 iam
482 2476 582 2537 antea
601 2470 637 2536 id
659 2471 787 2536 factum
812 2492 882 2537 esse
906 2471 1004 2538 docet
1026 2473 1103 2538 Tac.
1128 2472 1174 2538 H.

57 2587 89 2652 Ι.
116 2585 211 2673 811)
236 2586 329 2664 Quae
357 2585 398 2651 de
428 2585 575 2652 Othonis
601 2585 766 2651 militibus
788 2591 917 2652 narrat:
945 2581 1036 2648 οὗτοι
1058 2584 1096 2646 'dd
1114 2606 1175 2664 μα-

60 2699 163 2762 λακοὶ
180 2699 244 2777 μὲν
263 2696 351 2780 ἦσαν
371 2698 434 2761 ὑπὸ
455 2698 581 2782 σχολῆς
605 2701 660 2761 καὶ
681 2698 806 2780 διαίτης
827 2698 1003 2778 ἀπολέμου1
1016 2697 1174 2762 πλεῖστον

59 2813 194 2896 χρόνον
219 2813 257 2886 ἐν
277 2812 433 2893 θεάτροις
453 2814 508 2875 καὶ
527 2813 730 2896 πανηγύρεσι
743 2815 799 2875 καὶ
811 2812 901 2894 παρὰ
920 2814 1046 2894 σκηνὴν
1058 2811 1175 2894 βεβιω-

59 2926 165 3006 κότες
191 2948 261 2991 non
283 2927 372 2992 iusta
396 2933 484 2992 sunt.
509 2927 679 3008 Everbis,
703 2926 827 3022 quibus
844 2927 1094 2996 Vitellianieos
1114 2931 1175 2994 mi·

58 3044 139 3109 lites
162 3042 340 3128 increpant
363 3041 451 3108 Tac·
465 3043 510 3109 H.
534 3043 561 3109 I.
583 3043 635 3124 21,
655 3042 779 3108 falsum
802 3043 969 3109 iudicium
1003 3044 1044 3110 de
1072 3045 1176 3110 Otho·

58 3157 177 3223 nianis
192 3157 395 3230 Plutarchus
414 3157 611 3244 desumpsit,
628 3163 666 3223 ut
682 3158 797 3224 docuit
808 3159 927 3224 Lezius
937 3142 965 3224 l.
982 3159 1003 3225 1.
1026 3182 1078 3245 pg.
1097 3161 1172 3227 102.

107 3270 205 3352 Gap.
218 3265 265 3338 46.
289 3271 492 3358 Diligentior
522 3279 636 3339 nostro
659 3273 860 3338 Tacitusin
884 3274 1075 3340 enarranda
1098 3274 1173 3340 Pla·
1220 3252 1223 3258 ³

60 3390 195 3457 centiae
218 3391 471 3476 oppugnatione
501 3397 559 3457 est.
585 3391 633 3457 Of.
655 3392 699 3457 H.
724 3392 768 3458 II.
795 3392 934 3458 18-22.
968 3393 1075 3471 Quod,
1091 3415 1171 3460 vero

58 3504 267 3573 Plutarchus
287 3505 379 3570 'dicit
406 3505 597 3592 Spurinnae
620 3506 745 3572 milites
769 3505 1034 3573 Vitellianorum
1058 3513 1173 3573 contu-

59 3620 175 3687 meliis
205 3619 249 3686 ad
271 3619 472 3707 obsequium
497 3626 671 3688 revocatos
701 3643 782 3704 esse,
809 3627 898 3688 recte
919 3622 1073 3689 virorum
1097 3622 1173 3687 doo-

59 3743 178 3802 torum
209 3734 368 3821 opinione
387 3735 554 3825 ⁴ineptum
587 3741 645 3801 est
663 3736 689 3823 2)
711 3736 871 3802 Fortasse.
887 3758 991 3823 prave
1011 3737 1172 3802 :Tacitum

56 3847 374 3919 intellexithffert
395 3849 453 3915 ille
478 3851 524 3916 H.
547 3851 592 3916 ΙΙ.
617 3851 678 3929 21.
691 3850 949 3928 exhortationes
967 3857 1005 3917 et.
1018 3852 1173 3919 convicia

97 4037 127 4105 1)
146 4037 185 4089 cf.
204 4035 311 4091 Krauss.
330 4039 347 4090 1.
365 4038 383 4090 1.
402 4057 443 4106 pg.
464 4040 504 4090 11.
565 4020 580 4036 '⁴

96 4135 126 4194 2)
145 4135 183 4187 Cf.
203 4136 310 4187 Krousa.
329 4136 381 4187 1.1.
400 4153 442 4202 pg.
468 4135 509 4188 12.
533 4136 726 4189 Gersteneclrer.
744 4138 762 4189 1.
781 4138 798 4189 1.
817 4155 859 4204 pg.
882 4138 923 4191 16.
947 4138 1039 4190 Lezius
1056 4139 1073 4190 1.
1092 4138 1109 4190 1.
1129 4156 1171 4206 pg.

60 4233 124 4287 105.
992 4251 994 4255 ’

991 4268 993 4274 ’
1020 4320 1040 4384 6
