3038 5190
727 475 770 543 10

194 667 340 736 Uberius
363 667 439 733 aliis
461 667 647 754 provinciis
670 666 819 733 Galliam
843 668 981 734 tractari
1005 669 1133 734 mirum
1155 691 1234 735 non
1261 676 1323 752 est,

194 804 273 848 oum
302 781 340 846 in
371 782 455 848 anni
486 783 529 847 69
560 781 877 850 conturbationibus
912 805 929 848 e
960 783 1146 870 provinciis
1182 786 1325 871 primas

193 902 306 984 partes
336 897 452 982 egerit.
486 897 686 979 „Sechstens
716 897 856 965 verriith
883 920 986 965 unser
1015 898 1324 967 Berichterstatter

192 1034 278 1097 ganz
310 1012 365 1078 die
396 1012 569 1079 niimliche
599 1012 872 1095 individualitas,
904 1013 1031 1080 welche
1061 1014 1122 1081 wir
1157 1037 1224 1083 aus
1259 1017 1324 1083 der

194 1127 496 1213 Naturgesohichte
512 1127 671 1192 kennen''
696 1132 756 1193 etc.
781 1128 984 1194 Dnrnnrsnu
1008 1130 1033 1217 1)
1049 1129 1198 1196 tentavit
1223 1129 1323 1197 locos

195 1242 284 1309 Plin.
308 1243 353 1308 H.
379 1243 431 1324 N,
454 1242 492 1307 in
522 1240 646 1328 quibus
672 1242 794 1307 Nissen
818 1241 839 1307 l.
871 1242 893 1309 l.
925 1266 1002 1330 pgg.
1019 1243 1093 1309 -541
1125 1265 1199 1330 sqq.
1236 1267 1322 1312 cum

194 1358 310 1425 Tacito
334 1356 590 1423 consensionem
614 1357 802 1443 perspicere
833 1359 1001 1445 opinatur.
1027 1357 1138 1436 Quam
1170 1380 1322 1426 consen-

195 1476 326 1542 sionem
353 1497 433 1543 vero
463 1481 522 1542 aut
552 1475 681 1541 nullius
703 1477 870 1542 momenti
893 1498 963 1543 esse
992 1482 1052 1543 aut
1074 1498 1213 1564 prorsus
1244 1501 1321 1546 non

194 1596 326 1657 exstare
355 1589 412 1658 vel
441 1591 554 1676 potius
584 1590 761 1656 nonnullis
783 1591 865 1657 locis
888 1591 1134 1657 dissensionem
1165 1595 1321 1661 evadere

81 1784 83 1788 ,
194 1704 375 1771 ostendens
394 1704 481 1770 illud
503 1700 650 1771 Nissenii
666 1711 908 1791 argumentum
927 1704 1109 1792 redarguit.
1135 1707 1207 1773 Neo
1228 1710 1320 1775 omi-

193 1820 294 1886 serim
317 1819 412 1887 haud
435 1820 664 1907 spernendam
686 1821 809 1906 Langii
832 1819 866 1907 (l.
890 1820 912 1886 l.
941 1842 995 1907 pg.
1025 1822 1080 1909 46)
1104 1821 1320 1890 observatio-

193 1956 284 2001 nem.
315 1935 384 2002 Vix
411 1935 514 2017 enim,
544 1935 667 2021 inquit,
691 1933 900 2000 credendum
932 1940 982 2000 est
1012 1936 1168 2002 Tacitum
1204 1937 1318 2006 Plinii

194 2048 351 2116 historias
372 2055 441 2117 tam
465 2029 619 2117 accurate
636 2055 789 2116 secutum
806 2071 875 2116 esse
895 2056 928 2116 et
946 2051 991 2117 ad
1009 2051 1154 2119 verbum
1174 2055 1319 2142 saepius

195 2165 461 2251 transscripsisse
480 2187 591 2252 neque
613 2164 684 2230 ullo
701 2164 774 2231 loeo
789 2165 827 2230 in
846 2165 950 2231 Plinii
966 2165 1116 2252 epistolis
1138 2166 1204 2233 hoc
1219 2170 1318 2235 com-

195 2279 387 2346 memorari.
419 2279 574 2367 Denique
603 2280 640 2346 id
670 2281 821 2346 maxime
853 2281 1002 2347 Nissenii
1032 2282 1220 2348 sententiae
1253 2286 1317 2351 tri-

195 2393 298 2460 buere
322 2393 494 2476 debemus,
518 2395 609 2481 quod
633 2394 799 2461 maiorem
821 2417 903 2482 prae
929 2395 1005 2462 aliis
1029 2395 1315 2484 probabilitatem

195 2510 233 2574 in
250 2531 284 2575 se
303 2508 417 2591 habet,
435 2509 598 2596 quoniam
613 2515 786 2576 auctorem
801 2510 963 2593 vindicat,
980 2512 1039 2598 qui
1055 2534 1091 2578 re
1104 2534 1187 2592 vera
1202 2511 1315 2581 libros

195 2623 237 2689 de
260 2645 347 2711 quae
369 2624 584 2710 attinguntur
606 2624 817 2712 temporibus
839 2627 1038 2713 composuit.

238 2740 402 2823 Tertium,
433 2741 492 2828 qui
513 2742 589 2806 fons
619 2740 792 2828 perhiberi
822 2741 938 2828 possit,
963 2741 1168 2823 Messallam,
1192 2748 1314 2812 tuetur

84 2883 86 2887 ¹
194 2855 327 2937 Barna,
359 2855 435 2942 qui,
467 2856 659 2921 communis
687 2856 791 2922 fontis
821 2877 855 2922 se
885 2856 1096 2922 defensorem
1127 2858 1312 2944 professus,

194 2976 271 3057 post
285 2969 430 3036 aliorum
450 2970 628 3057 opiniones
650 2971 799 3052 reiectas,
822 2970 903 3036 inde
922 2994 942 3037 a
965 2993 1020 3059 pg.
1046 2973 1087 3037 18
1110 2970 1132 3038 l.
1156 2993 1260 3059 supra
1287 2975 1310 3043 l.

195 3085 371 3153 Messallae
396 3085 455 3151 diu
479 3087 658 3173 quaeritati
681 3086 873 3152 communis
899 3087 1003 3152 fontis
1021 3086 1187 3152 honorem
1211 3111 1312 3175 prae·

196 3206 284 3266 stare
304 3206 454 3266 conatur.
479 3199 636 3267 Messalla
660 3206 774 3266 autem
789 3201 895 3267 bisin
918 3201 1025 3267 Taciti
1045 3202 1206 3267 Historiis
1227 3204 1310 3271 cita-

194 3315 442 3403 tu1111252),
463 3317 505 3380 28
530 3316 556 3404 3)
580 3315 635 3402 (de
656 3316 781 3403 pugnis
802 3317 892 3382 inter
915 3316 1116 3384 Vitellianos
1139 3322 1172 3382 et
1194 3317 1311 3386 Flavi-

194 3431 299 3516 anos).
332 3429 530 3496 Admodum
561 3430 696 3498 iuvenis
718 3430 808 3497 bello
832 3431 1034 3518 Vespasiani
1058 3436 1177 3496 contra
1199 3432 1310 3499 Vitel-

195 3544 281 3611 lium
301 3543 444 3630 legionis
466 3544 624 3611 tribunus
640 3546 802 3612 interfuit.
827 3545 900 3632 (IV.
921 3547 964 3611 42
984 3546 1160 3627 ,nondum
1176 3552 1310 3613 senato-

194 3661 246 3727 ria
276 3661 405 3726 aetate'’
437 3660 501 3727 ΙΙΙ.
534 3662 563 3727 9.
598 3661 759 3746 ,Legioni
790 3661 850 3748 [sc.
881 3661 1045 3748 septimae
1080 3660 1309 3752 Claudianae]

231 3854 257 3919 1)
276 3853 310 3905 D.
325 3853 506 3906 Darnnrsau.
521 3853 678 3921 Philologus.
694 3855 736 3909 34.
752 3855 828 3910 1876.
843 3873 900 3924 pgg.
916 3855 1028 3909 40-49.
1043 3855 1143 3907 Plinius
1157 3855 1204 3908 der
1217 3857 1307 3910 liltore.

229 3949 256 4018 2)
276 3951 359 4016 „Rem
377 3951 534 4019 nominaque
552 3960 654 4004 auctore
673 3952 800 4020 Vipstano
818 3953 941 4005 Messalla
958 3953 1083 4004 tradam.”

229 4047 256 4115 3)
276 4048 421 4113 „Hormine
443 4047 471 4099 id
493 4047 633 4116 ingenium,
658 4057 687 4102 ut-
710 4049 832 4103 Messalla
855 4050 940 4112 tradit,
964 4067 997 4102 an
1015 4050 1099 4118 potior
1117 4057 1206 4103 auctor
1223 4050 1257 4102 sit
1275 4050 1305 4102 C.

194 4144 303 4211 Plinius,
322 4145 367 4212 qui
386 4145 530 4198 Antonium
547 4147 655 4213 incusat,
673 4147 743 4200 haud
760 4147 834 4201 facile
852 4148 1043 4202 discreverim.”
