3030 5190
632 536 674 603 47

82 729 147 795 vel
171 728 304 795 senatui
327 727 563 814 permitterent
577 727 687 813 legere
703 727 944 814 imperatorem
962 780 1085 794 .....
1107 725 1205 815 (quae
1239 748 1240 751 ’

83 848 281 931 sequuntur
295 844 461 910 nimirum
484 843 661 930 proprium
684 843 793 910 Taciti
814 843 980 910 iudicium
1003 844 1203 933 continent.)

88 981 185 1045 „ego
209 965 252 1024 ut
274 959 538 1025 concesserim
561 958 654 1045 apud
676 980 802 1045 paucos
826 1011 922 1025 .....
946 957 1077 1024 bonum
1100 965 1134 1025 et
1155 960 1206 1024 in·

86 1079 274 1140 nocentem
296 1074 489 1160 principem
518 1095 580 1160 pro
611 1074 767 1160 pessimis
794 1095 834 1139 ac
857 1074 1127 1160 flagitiosissimis
1150 1097 1206 1141 ex·

87 1190 239 1277 petitum
270 1189 354 1255 eto.”
376 1188 465 1254 Plut.
491 1188 529 1255 O.
555 1190 585 1254 9.
609 1189 738 1279 ἑτέρων
761 1187 800 1251 dd
827 1186 867 1271 ἦν
894 1189 1037 1264 ἀκούειν,
1066 1189 1117 1252 ὅτι
1135 1199 1206 1269 τοῖς

88 1303 340 1385 στρατεύμασιν
354 1303 565 1384 ’ἀμφοτέροις
587 1304 791 1383 παρίσταντο
814 1302 912 1383 ὁρμαί
935 1302 1063 1378 πολλαί,
1086 1305 1134 1384 ὡς
1156 1306 1205 1384 είς

87 1418 197 1480 ταύτὸ
220 1417 405 1481 συνελθεῖν·
429 1421 484 1480 καί
504 1417 650 1497 μάλιστα
670 1418 735 1497 μὲν
758 1418 881 1499 αύτούς
902 1418 1205 1500 ὁμοφρονήσαντας

87 1534 132 1596 ἐκ
154 1541 224 1596 τῶν
237 1533 416 1615 παρόντων
433 1534 642 1614 ἡγεμονικῶν
658 1531 795 1595 ἑλέσθαι
809 1532 870 1596 τὸν
888 1533 1035 1614 ἄριστον,
1054 1536 1085 1596 εί
1098 1532 1203 1619 ὁέιμή,

87 1649 154 1730 τὴν
169 1647 362 1730 σύγκλητον
382 1647 466 1726 ὁμοῦ
487 1647 691 1728 καθίσαντας
712 1649 842 1730 ἐφεῖναι
864 1649 924 1728 τὴν
946 1651 1074 1730 αίρεσιν
1094 1649 1205 1730 ἐκείνῃ

86 1772 153 1826 τού
181 1763 440 1844 αύτωιράτορος.
469 1761 539 1824 Καί
567 1762 628 1825 οὐκ
655 1762 789 1843 ἀπεικός
819 1763 890 1825 ἐστι
917 1762 1106 1845 μηὸετέρου
1127 1763 1205 1827 τότε

85 1887 162 1941 τῶν
189 1878 537 1960 προσαγορευομένων
565 1877 827 1958 αὐτοκρατόρων
854 1876 1113 1959 εύὸοκιμουντος
1139 1880 1204 1941 ἐπι-

83 1995 218 2057 πίπτειν
242 1993 415 2073 τοιούτους
432 1991 687 2075 ’διαλογισμούς
709 1992 826 2073 [τοίςἽ
848 1994 998 2074 γνησίως
1018 1996 1073 2056 καί
1094 1992 1204 2056 ὁιαπύ-

83 2129 163 2189 νοις
182 2111 235 2171 καί
249 2116 466 2189 σωφρονοῦσι
486 2115 556 2169 τῶν
577 2115 803 2187 στρατιωτῶν,
827 2109 875 2188 ὡς
893 2107 1052 2189 ἔχθιστον
1075 2109 1124 2189 είη
1135 2155 1138 2161 .
1151 2110 1206 2170 καί

83 2223 213 2298 ὀεινόν,
234 2225 255 2285 d
276 2222 377 2285 πάλαι
396 2221 450 2284 διὰ
473 2198 607 2284 Σύλλαν
628 2224 682 2283 καί
706 2220 851 2303 Μάριον,
876 2220 947 2285 είτα
971 2222 1129 2304 Καίσαρα
1149 2225 1203 2285 καί

81 2337 265 2422 Πομπήϊον
280 2338 482 2420 ᾠκτείροντο
503 2342 564 2403 etc.
578 2337 715 2403 Tacitus
727 2338 772 2403 Π.
791 2339 843 2403 38.
860 2338 944 2403 item
957 2339 1117 2431 Marium,
1130 2338 1204 2404 Sul-

79 2455 170 2536 lam,
198 2454 402 2541 Pompeium
437 2452 594 2539 exempla
625 2451 779 2519 civilium
813 2451 983 2518 bellorum
1017 2459 1200 2543 memorat;

80 2568 214 2636 deinde
245 2568 341 2634 addit
366 2568 445 2650 ,sed
468 2589 523 2633 me
546 2557 700 2634 veterum
729 2588 967 2654 novorumque
994 2589 1131 2633 morum
1153 2590 1203 2634 re·

79 2683 221 2770 putatio
247 2682 383 2768 longius
402 2681 502 2774 tulit:
526 2703 620 2747 nunc
643 2680 687 2746 ad
710 2677 825 2746 rerum
848 2681 1006 2747 ordinem
1028 2682 1162 2748 redeo.'’

131 2798 299 2865 Videmus
318 2796 493 2864 Plutarchi
513 2818 552 2862 ac
565 2796 679 2862 Taciti
698 2795 803 2863 verba
824 2802 968 2882 cognata
987 2818 1068 2878 esse,
1088 2803 1201 2884 atque,

78 2935 168 2980 cum
191 2912 267 2979 luce
290 2911 414 2997 clarius
436 2911 493 2976 hic
515 2910 557 2976 de
586 2932 646 2976 suo
676 2912 813 2978 Tacitus
843 2933 1024 2978 excursum
1055 2912 1202 2977 inserue-

78 3029 141 3110 rit,
162 3027 258 3093 nullo
278 3027 381 3093 modo
400 3026 473 3092 fieri
492 3046 589 3112 posse
610 3025 694 3112 quin
717 3025 921 3094 Plutarchus
945 3027 1102 3093 Tacitum
1125 3049 1202 3093 auc·

77 3151 195 3211 torem
218 3142 386 3210 habuerit.
410 3141 573 3208 Attamen
592 3161 663 3206 non
684 3162 822 3227 prorsus
842 3164 920 3208 cum
936 3143 1054 3209 Tacito
1069 3141 1201 3208 Plutar-

81 3259 174 3326 chus
191 3257 280 3324 fecit.
303 3258 392 3323 Nam
412 3256 521 3322 Taciti
539 3254 644 3322 verba
666 3276 747 3341 „ego
770 3262 809 3322 ut
831 3258 1074 3324 concesserim’'
1099 3257 1200 3343 signi-

79 3374 192 3440 ficant
222 3394 302 3439 eum
332 3392 456 3458 parum
486 3369 693 3457 quibusdam
716 3370 910 3437 auctoribus
932 3371 1098 3453 assentiri,
1122 3370 1200 3437 Plu-

79 3487 198 3556 tarchi
216 3509 297 3555 vero
316 3485 465 3552 formula
483 3485 538 3546 καί
559 3485 620 3546 ούκ
643 3484 778 3566 ἀπεικός
798 3486 870 3549 ἐστι
891 3486 1040 3554 declarat
1060 3508 1137 3552 eum
1154 3486 1199 3552 ad

81 3601 308 3691 quorundam
325 3605 504 3668 auctorum
522 3601 754 3667 narrationem
769 3600 985 3687 probandam
1003 3601 1104 3669 valde
1123 3623 1199 3689 pro-

80 3740 174 3784 num
196 3739 276 3785 esse.
1151 3789 1156 3799 ,

131 3832 238 3899 Aliud
256 3832 398 3917 insuper
418 3830 615 3918 exemplum
626 3831 745 3899 inveni
757 3833 795 3898 T.
809 3833 854 3898 H.
868 3833 913 3898 Π.
927 3832 969 3898 50
982 3831 1037 3918 (de
1051 3831 1198 3920 Othone)

85 3946 244 4032 „duobus
264 3946 483 4028 facinoribus
507 3946 613 4013 altero
636 3947 907 4033 flagitiosissimo,
928 3947 1034 4013 altero
1055 3948 1197 4034 egregio,

82 4061 294 4130 tantundem
316 4060 410 4147 apud
439 4067 591 4148 posteros
616 4062 742 4128 meruit
763 4062 873 4130 bonae
895 4064 1005 4130 famae
1029 4068 1198 4149 quantum

84 4177 231 4243 malae.''
250 4177 328 4242 Duo
343 4175 403 4242 illa
421 4177 573 4243 facinora
589 4182 740 4263 spectare
757 4178 800 4243 ad
817 4177 946 4244 Galbae
963 4199 1080 4243 necem
1094 4177 1199 4242 Otho-
