3038 5190
891 505 933 570 30

353 715 459 762 novas
483 695 664 762 aVindice
686 695 853 782 quaesitas
869 717 1055 784 omnesque
1071 703 1216 764 eventus
1236 721 1286 766 cx
1309 699 1356 766 iis
1378 707 1483 782 natos,

355 807 484 874 Galbae
507 808 823 891 consalutationem,
848 809 996 897 denique
1016 811 1195 877 historiam
1220 812 1314 879 inde
1338 836 1361 880 a
1385 815 1484 880 Nero

355 923 408 988 nis
430 928 538 990 morte
561 924 771 990 conscribere
795 925 923 1012 pergit.
948 925 1124 1013 Imprimis
1147 928 1307 994 occurrit
1323 927 1483 997 brevitas

355 1037 511 1124 capitis3
532 1038 586 1124 (de
609 1039 721 1126 priore
744 1037 873 1105 Galbae
892 1040 985 1128 vita),
1002 1062 1089 1127 quae
1112 1045 1209 1108 tanta
1230 1048 1286 1109 est
1308 1049 1352 1110 ut
1377 1066 1484 1132 paene

357 1151 499 1219 obscura
514 1153 583 1220 fiat.
601 1154 639 1220 E.
657 1176 699 1221 a:
717 1151 835 1235 Λιβίας
847 1154 1086 1236 παρασχούσης
1101 1155 1228 1236 ὕπατος
1242 1157 1286 1220 ἐκ
1302 1157 1484 1222 Παλατίου

353 1265 503 1348 προῆλθε
531 1270 588 1356 (sc.
613 1268 745 1356 Galba),
768 1269 828 1336 ubi
851 1291 955 1358 prave
974 1270 1135 1336 Doehner
1149 1273 1409 1356 παρασχούσης
1424 1297 1481 1362 per

355 1406 514 1472 ,operam
533 1385 656 1451 dante”
680 1385 791 1453 vertit.
811 1385 910 1453 Livia
933 1386 1026 1452 enim
1042 1388 1077 1452 αθ
1098 1387 1139 1452 29
1157 1409 1190 1473 p.
1217 1386 1255 1453 Ο.
1282 1409 1323 1455 n.
1344 1397 1481 1457 mortua

354 1506 412 1583 est,
437 1501 547 1567 Galba
570 1503 606 1567 αθ
629 1503 670 1567 33
694 1524 726 1588 p.
754 1501 788 1567 Ο.
813 1523 846 1568 n.
879 1501 1093 1568 consulatum
1123 1501 1235 1588 gessit.
1262 1503 1479 1573 Plutarchus

352 1614 462 1681 dicere
477 1615 552 1684 vult
574 1615 709 1682 Liviam
733 1615 879 1682 Galbam
898 1616 935 1682 in
959 1615 1057 1682 aulae
1075 1615 1242 1682 circulum
1258 1617 1478 1686 introduxis-

349 1751 394 1811 se,
426 1729 517 1795 unde
548 1736 664 1816 postea
695 1730 848 1796 Caesaris
878 1731 1174 1799 commendatione
1205 1734 1336 1800 consul
1354 1736 1476 1809 {factus

349 1845 402 1910 sit.
417 1843 620 1910 -Simulac
643 1844 753 1911 Galba
776 1844 997 1931 temporibus,
1021 1846 1065 1912 ad
1089 1866 1175 1933 quae
1198 1845 1418 1916 Plutarchus
1439 1851 1472 1916 in

349 1959 490 2025 historia
513 1958 757 2026 conscribenda
779 1960 945 2046 pervenit,
975 1960 1030 2035 vir
1052 1960 1169 2046 magni
1199 1965 1380 2031 momenti
1402 1965 1472 2031 fieri

352 2075 471 2161 coepit,
491 2074 598 2139 fusius
621 2074 662 2140 de
686 2096 724 2140 eo
746 2075 825 2161 agit.
849 2075 958 2161 Igitur
978 2075 1181 2141 Plutarchus
1204 2078 1391 2163 quandam
1409 2081 1471 2146 Ro

352 2211 491 2255 manam
514 2188 692 2255 historiam
711 2211 771 2276 per
794 2188 1015 2276 imperatores
1031 2189 1231 2277 dispositam
1255 2193 1408 2280 scripsit,
1425 2195 1468 2260 ita

349 2326 430 2372 vero
455 2308 501 2385 ut,
526 2324 612 2390 quae
635 2304 750 2369 minus
777 2326 883 2392 prope
906 2304 950 2370 ad
977 2305 1218 2392 imperatorem
1240 2307 1466 2392 pertinerent,

350 2418 529 2484 omitteret.
553 2419 578 2504 1)
601 2418 994 2486 Profecto‘Plutarchum
1017 2418 1180 2485 admirari
1203 2418 1383 2504 debemus,
1408 2422 1464 2508 qui

349 2539 444 2600 tanta
475 2533 654 2619 sagacitate
680 2540 781 2620 atque
813 2533 952 2603 consilio
979 2555 1104 2621 genera
1126 2534 1214 2602 vitas
1243 2540 1277 2615 et
1303 2534 1464 2603 historias

350 2648 585 2714 conscribendi
611 2648 842 2731 coniunxerit3
866 2648 1061 2715 exercitatio
1084 2654 1117 2714 et
1140 2649 1350 2716 consuetudo
1375 2672 1463 2717 com·

350 2764 501 2851 ponendi
518 2764 548 2830 ei
571 2763 731 2849 denegari
753 2764 881 2851 nequit.
1404 2841 1407 2846 Α

395 2878 559 2947 Videmus
583 2885 738 2944 nostrum
759 2880 797 2944 in
820 2879 885 2945 hoc
905 2899 1006 2966 opere
1029 2877 1207 2944 condendo
1231 2876 1336 2944 aliam
1362 2881 1461 2946 acin

350 2993 521 3080 parallelis
540 2994 632 3062 viam
655 2994 846 3080 ingressum
869 3015 949 3076 esse,
970 3015 1074 3081 quam
1093 2993 1253 3080 equidem
1266 3015 1344 3059 non
1357 2994 1462 3062 ,intel-

350 3109 425 3194 lego
449 3130 509 3173 our
531 3107 636 3193 priori
657 3107 832 3174 Plutarchi
858 3108 967 3175 labori
992 3107 1120 3174 Galbae
1144 3113 1176 3173 et
1203 3106 1482 3195 Othonisvitas¹

351 3222 568 3290 ascribendas
584 3243 654 3288 esse
674 3222 890 3290 demonstret.
916 3223 1107 3310 Quicquam
1128 3223 1210 3295 certi
1226 3227 1375 3290 statuere
1392 3247 1462 3291 non

351 3316 539 3424 possumus,
563 3336 621 3402 sed
641 3337 786 3424 perinde
809 3338 847 3404 in
869 3338 923 3403 his
947 3339 1026 3406 vitis
1048 3338 1224 3405 Plutarchi
1247 3359 1334 3424 opus
1353 3345 1463 3426 poste·

349 3453 419 3524 rius
448 3453 637 3540 perspicere
666 3452 761 3535 licet;
792 3452 846 3520 vel
878 3453 977 3520 valde
995 3452 1183 3540 ,probabile
1214 3452 1302 3518 mihi
1324 3453 1464 3525 videtur

351 3590 429 3633 eum
452 3573 560 3634 aetate
590 3567 721 3655 aliquid
751 3574 950 3655 provectum
980 3590 1070 3636 novo
1093 3568 1263 3635 scribendi
1285 3571 1406 3654 gener-i
1429 3593 1463 3638 se

350 3683 546 3770 applicasse.
570 3682 649 3748 Huc
673 3681 802 3749 accedit
818 3683 920 3769 quod,
944 3689 982 3749 ut
998 3684 1191 3749 Mommsen
1210 3683 1282 3770 ipse
1300 3683 1463 3768 declarat,

351 3797 479 3864 Galbae
511 3804 544 3863 et
578 3796 722 3864 Othonis
756 3798 846 3865 vitae
880 3800 969 3865 iuter
1003 3799 1120 3865 omnia
1149 3798 1326 3864 Plutarchi
1357 3821 1465 3888 opera

350 3913 501 3978 maxime
523 3913 599 3977 fons
622 3912 778 3979 adhiberi
801 3919 943 4000 possunt
965 3919 1076 4001 atque,
1108 3913 1200 4001 quod
1224 3912 1267 3978 ad
1290 3913 1464 3982 rationem

386 4089 411 4151 1)
430 4089 502 4140 Inter
520 4088 571 4139 alia
588 4088 620 4139 de
638 4088 829 4155 provinciarum
846 4089 944 4154 habitu,
963 4107 1040 4156 quem
1062 4088 1167 4141 Tacitus
1190 4088 1264 4141 initio
1283 4089 1465 4144 Historiarum

349 4193 466 4237 accurate
483 4185 611 4249 describit,
630 4185 742 4239 breviter
760 4186 819 4253 agit.
