3030 5190
202 105 315 172 aliam
337 106 506 173 rationem
526 104 621 191 sequi
644 107 746 189 atque
767 123 788 167 a
811 101 961 167 Suetonii
986 122 1109 187 genere
1132 102 1220 189 vitas
1243 124 1320 168 con-

203 219 381 286 scribendi
404 218 506 307 plane
525 217 707 284 abhorrere
727 215 911 282 exorditur.
935 216 1035 297 Nam,
1060 238 1139 282 cum
1162 222 1263 284 antea
1278 217 1320 284 de

203 335 341 403 Galbae
362 335 434 404 vita
460 335 622 421 dispersa,
645 331 770 421 quibus
793 352 953 398 excursus
976 331 1208 413 miscerentur,
1232 353 1321 398 com-

203 455 361 537 poneret,
394 449 476 516 inde
506 448 550 516 ab
581 448 647 515 hoc
677 447 796 534 eapite,
831 446 949 534 paucis
978 445 1079 512 rebus
1108 447 1322 533 gravioribus

203 564 352 646 omissis,
376 563 575 631 continuam
598 561 734 650 imperii
757 560 905 628 Romani
925 559 988 626 sub
1012 559 1140 628 Galbae
1164 561 1323 628 Othonis-

203 701 274 767 que
294 701 400 766 regno
416 680 595 746 historiam
615 676 806 745 conscribit.
824 675 938 762 Atque
957 677 1128 764 imprimis
1146 678 1321 745 Plutarchi
1347 658 1354 724 ⁵·

205 794 392 862 declinatio
411 816 432 861 a
450 794 539 861 vitas
554 792 726 860 scribendi
744 793 874 858 ratione
890 813 929 858 eo
946 791 1065 873 elucet,
1089 792 1181 879 quod
1205 792 1320 860 Sueto·
1354 812 1359 881 ξ

202 909 285 975 nius
307 910 345 974 in
368 907 498 976 Galbae
527 909 599 976 vita
625 909 694 974 fere
717 907 851 973 nullam
873 906 916 972 de
943 906 1078 973 Othone
1108 908 1319 973 mentionem
1354 890 1359 929 ⁵

201 1023 297 1106 facit,
328 1024 388 1090 sed
418 1023 604 1111 complura,
635 1045 656 1089 a
686 1022 870 1089 Plutarcho
900 1023 937 1088 in
969 1021 1097 1089 Galbae
1120 1023 1192 1091 vita
1214 1023 1257 1089 de
1280 1044 1319 1090 eo
1353 1042 1357 1091 i

200 1138 342 1220 tradita,
358 1143 397 1204 ut
412 1116 563 1206 vitarum
579 1137 722 1224 scriptor
738 1158 799 1202 suo
818 1136 892 1202 loco
910 1137 948 1201 in
969 1135 1115 1202 Othonis
1133 1136 1205 1204 vita
1224 1157 1320 1202 onar-

199 1259 267 1320 rat.
293 1254 332 1320 E.
357 1275 573 1341 ccompara
596 1273 683 1342 quae
706 1253 742 1318 P.
772 1253 812 1319 G.
840 1253 893 1334 19,
921 1253 974 1318 20.
1001 1252 1044 1318 de
1066 1251 1203 1319 Othone
1224 1252 1319 1321 inve-

199 1369 350 1436 niuntur
373 1373 406 1435 et
425 1368 457 1434 S.
475 1367 514 1435 0.
540 1370 570 1451 3,
595 1369 629 1449 4;
653 1368 690 1434 Ρ.
716 1367 755 1434 G.
774 1369 826 1450 24,
850 1367 892 1433 25
912 1373 945 1434 et
961 1367 993 1434 S.
1012 1367 1050 1434 Ο.
1070 1369 1103 1433 6;
1122 1367 1165 1434 de
1181 1367 1316 1435 Othone

199 1484 411 1571 imperatore
430 1488 538 1571 rapto.
563 1483 743 1550 Suetonius
764 1504 843 1569 ergo
861 1484 1091 1570 perseveravit
1104 1483 1143 1548 in
1159 1505 1219 1549 suo
1243 1505 1318 1571 pro·

198 1600 317 1687 posito
339 1599 428 1668 vitas
450 1598 696 1681 conscribendi,
720 1598 924 1665 Plutarchus
948 1600 989 1665 18
1009 1599 1129 1686 primis
1149 1598 1317 1686 capitibus

197 1714 323 1801 aliqua
341 1719 496 1802 exparte
515 1715 624 1782 vitam
641 1735 859 1801 componens,
880 1714 1003 1780 deinde
1019 1735 1112 1780 mere
1128 1715 1316 1781 secundum

197 1836 400 1917 temporum
427 1830 595 1896 rationem
623 1851 709 1917 opus
743 1851 842 1896 suum
877 1829 1040 1896 condidit.
1076 1830 1171 1903 Haec
1205 1829 1315 1897 habeo

196 1943 298 2031 quod
330 1944 374 2010 ad
404 1945 685 2032 compositionem
720 1945 935 2026 documenta,
971 1964 1057 2031 quae
1091 1945 1312 2012 Plutarchum

195 2059 324 2126 Tacito
345 2081 447 2125 usum
469 2080 539 2126 esse
562 2060 805 2126 demonstrent.

248 2175 352 2241 Nunc
367 2174 411 2243 ad
422 2195 541 2242 causas
555 2175 733 2241 interiores
747 2180 891 2241 transeo,
912 2174 1041 2270 Omnes
1051 2174 1152 2254 locos,
1163 2175 1223 2242 ubi
1239 2175 1316 2243 Plu-

194 2289 343 2356 tarchus
365 2294 398 2355 et
424 2289 561 2356 Tacitus
590 2289 801 2358 adverbum
824 2296 1018 2375 congruunt
1039 2290 1093 2358 vel
1120 2291 1313 2377 paulluhnn

196 2405 408 2491 discrepant,
439 2425 639 2470 eninnerare
665 2404 866 2492 supersedeo
897 2426 960 2471 nec
983 2405 1122 2493 expedit
1151 2407 1313 2487 conferre,

196 2541 291 2607 quae
314 2519 372 2585 hic
397 2519 452 2587 vel
473 2519 532 2585 ille
556 2520 683 2586 omittit
705 2525 764 2586 aut
786 2521 891 2587 addit.
916 2521 1001 2586 Iam.
1015 2522 1095 2587 satis
1116 2521 1155 2586 in
1181 2522 1315 2588 confici-

1336 248 1343 331 i

197 2633 301 2700 endis
336 2633 439 2699 huius
468 2634 517 2699 rei
547 2632 673 2700 tabulis
700 2633 910 2701 elaboratum
930 2641 988 2702 est.
1009 2637 1034 2722 1)
1064 2636 1145 2702 Loci
1169 2636 1213 2702 ad
1243 2658 1316 2704 ver-

197 2749 287 2816 bum
315 2755 539 2834 congruentes
561 2750 617 2817 vel
644 2750 789 2816 eandem
816 2771 888 2816 rem
911 2756 1103 2851 tractantes,
1130 2753 1199 2817 fere
1221 2753 1314 2818 idem

198 2863 295 2951 apud
310 2868 496 2950 utrumque
514 2885 630 2929 rerum
652 2864 746 2947 ordo,
770 2886 895 2951 magna
918 2887 938 2931 a
960 2871 1076 2932 nostra
1099 2872 1195 2953 parte
1217 2890 1314 2953 argu·

198 3006 258 3058 rim.
271 3006 452 3073 Inapcxeritne
461 3005 602 3059 Suetonius
611 3006 779 3059 Plutarchum
792 3025 826 3059 an
839 3024 1000 3060 communem
1016 3017 1123 3076 uterque
1135 3010 1232 3062 iontem
1242 3010 1314 3062 adhi-
1390 3020 1393 3025 ’

198 3103 285 3156 buerit
297 3103 440 3157 diiudicare
451 3104 494 3155 hic
507 3121 523 3154 a
536 3121 564 3156 re
577 3111 623 3156 est.
688 3124 690 3129 ·

237 3202 264 3266 l)
291 3200 382 3266 Iaces,
405 3199 451 3251 ubi
472 3199 505 3251 ad
526 3198 634 3252 verbum
664 3209 816 3268 congruunt,
847 3201 976 3254 invenies:
1000 3203 1152 3256 Mommsen.
1176 3205 1193 3255 l.
1215 3204 1231 3256 l.
1253 3222 1312 3272 pgg.

202 3295 342 3350 300-305
360 3296 388 3348 in
407 3295 484 3349 adnn.
503 3295 661 3361 312—315;
679 3298 772 3349 Iccius
789 3299 807 3350 l.
821 3299 839 3349 l.
857 3317 899 3367 pg.
920 3300 983 3363 173;
1002 3299 1096 3366 Hardy
1109 3301 1125 3352 l.
1140 3300 1157 3351 l.
1172 3301 1237 3352 Intr.
1253 3319 1309 3368 pgg.

204 3393 318 3457 37-43;
339 3408 381 3445 res
399 3394 570 3446 communiter
590 3394 711 3446 traditas:
736 3395 829 3448 Clason
849 3397 866 3448 l.
885 3397 902 3448 l.
923 3414 981 3464 pgg.
1000 3396 1120 3462 23-69;
1140 3399 1240 3450 Kranae
1258 3399 1274 3451 l.
1295 3401 1311 3452 l.

205 3506 260 3556 pgg.
275 3489 391 3572 1771&
413 3490 588 3544 additamenta
607 3492 754 3544 Plutarchi:
775 3494 876 3546 Krauss
896 3495 912 3545 l.
933 3495 949 3546 1.
971 3512 1029 3561 pgg.
1049 3495 1126 3549 6-8.
1146 3495 1240 3562 Hardy
1257 3496 1274 3547 l.
1294 3496 1311 3546 l.

207 3585 266 3638 lntr.
280 3605 338 3655 pgg.
353 3587 467 3654 29-34,
481 3589 526 3642 ubi
539 3589 724 3658 discrepantiae
739 3609 842 3659 quoque
855 3600 1046 3646 enumerentur.
