3038 5190
751 544 793 609 87

210 733 309 821 apud
329 733 485 800 Tacitum
499 754 569 799 non
584 734 768 802 invenitur.
787 735 898 800 immo
912 735 960 801 H.
977 736 1022 802 II.
1040 737 1082 801 42
1099 735 1181 803 dicit
1200 737 1325 818 ,Otho-

210 848 322 930 niani,
339 870 549 935 quamquam
569 849 711 936 dispersi
730 850 905 936 pauciores
920 850 1007 931 fessi,
1026 850 1194 938 proelium
1209 857 1326 919 tamen

210 964 338 1030 acriter
354 965 558 1051 sumpsere.’'
575 965 627 1030 44.
648 966 902 1051 ,praetorianus
918 965 1016 1032 miles
1034 988 1106 1032 non
1128 968 1254 1035 virtute
1277 989 1322 1051 se,

210 1079 275 1145 sed
292 1078 484 1166 proditione
508 1079 837 1147 victumsremebat.''
858 1081 910 1147 46.
939 1080 1002 1167 (De
1025 1080 1176 1148 militum
1206 1083 1326 1150 ardore

209 1216 254 1261 ac
277 1193 344 1259 fide
368 1215 447 1280 erga
472 1193 674 1283 Othonem):
693 1195 851 1278 ,tendere
867 1217 991 1262 manus
1006 1202 1038 1263 et
1058 1198 1207 1284 proximi
1227 1220 1329 1285 pren-

210 1330 289 1375 sare
307 1330 419 1394 genua
434 1309 689 1396 promptissimo
713 1309 824 1376 Plotio
846 1311 972 1378 Firmo.
997 1312 1026 1377 is
1049 1314 1209 1400 praetorii
1231 1336 1327 1400 prae-

209 1425 322 1492 fectus
343 1424 532 1491 identidem
556 1424 683 1507 orabat,
704 1448 747 1492 ne
763 1426 967 1494 fidissimum
986 1429 1183 1512 exercitum,
1203 1451 1247 1496 ne
1270 1452 1327 1516 op-

209 1541 298 1607 time
317 1541 455 1606 meritos
471 1540 596 1606 milites
616 1540 791 1607 desereret.
806 1581 849 1589 -
864 1564 927 1608 nec
950 1544 1157 1629 praetoriani
1180 1550 1325 1624 tantum,

208 1656 373 1743 proprius
402 1655 547 1722 Othonis
574 1656 672 1722 miles
703 1656 878 1743 (obstinati
902 1658 1009 1745 erant)
1034 1659 1116 1725 etc.’'
1144 1659 1326 1738 Quaeritur

208 1770 306 1836 unde
329 1770 504 1837 Plutarchi
528 1793 620 1837 error
642 1778 735 1838 ortus
753 1772 805 1838 sit.
831 1771 954 1838 Glason
976 1771 998 1838 l.
1023 1772 1044 1866 lr
1068 1796 1123 1860 pg.
1148 1775 1190 1839 63
1214 1776 1325 1841 existi·
1367 1843 1369 1846 Α

208 1890 288 1951 mat
309 1891 463 1951 nostrum
486 1908 591 1973 prave
614 1888 692 1953 Teo.
717 1887 762 1954 H.
784 1887 828 1954 Π.
846 1887 888 1952 43
907 1886 1070 1969 ,ducibus
1087 1888 1233 1956 Othonis
1254 1891 1324 1956 iam

207 2000 349 2088 pridem
371 2002 544 2088 profugis'
572 2001 790 2068 intellexisse.
814 2002 933 2068 Lezius
956 2001 977 2069 l.
1001 2002 1023 2070 l.
1047 2025 1103 2089 pg.
1128 2004 1191 2070 151
1225 2006 1324 2087 „For-

206 2121 300 2182 tasse
322 2116 411 2182 inter
433 2116 602 2204 proelium
633 2122 666 2183 et
691 2119 808 2203 fugam
831 2118 963 2205 aliquid
986 2118 1200 2202 desideravit,
1230 2121 1323 2187 unde

208 2231 489 2298 Othonianorum
510 2232 622 2298 clades
644 2232 752 2318 magis
775 2237 977 2314 cerneretur,
1001 2233 1098 2299 etad
1121 2233 1212 2300 hanc
1234 2234 1323 2302 lacu-

202 2367 292 2412 nam
317 2367 403 2432 quae
427 2345 606 2414 videbatur
621 2347 828 2434 explendam
843 2346 1004 2413 fabellam
1019 2348 1192 2415 inseruit.''
1209 2348 1322 2436 Suspi-

205 2467 309 2528 catur
330 2462 453 2548 Hardy
476 2463 554 2529 adn.
573 2486 602 2529 a.
620 2463 654 2530 h.
672 2463 694 2530 1.
718 2485 754 2529 re
777 2484 858 2531 vera
877 2469 1010 2550 partem
1026 2465 1320 2550 praetorianorum

203 2583 338 2644 ceteros
354 2578 554 2665 prodidisse,
578 2601 665 2666 quae
688 2579 775 2646 duae
790 2580 978 2666 praetoriae
1002 2580 1155 2646 cohortes
1177 2580 1319 2647 fuissent

199 2697 415 2758 memoratae
427 2692 519 2779 apud
534 2693 612 2760 Tac.
629 2693 674 2759 H.
692 2695 736 2760 Π.
754 2696 805 2760 66.
825 2693 1005 2780 ,Angebat
1020 2694 1199 2762 Vitellium
1215 2695 1323 2763 uicta-¹

199 2829 285 2874 rum
301 2806 474 2892 legionum
489 2804 758 2895 haudquaquam
779 2809 905 2874 fractus
927 2809 1072 2875 animus.
1091 2847 1133 2858 —
1148 2808 1317 2895 (rixantur

199 2920 512 3008 quartadecumani
535 2928 569 2988 et
590 2923 725 3011 Batavi)
752 2928 784 2989 et
814 2923 982 3010 proelium
1005 2929 1103 2990 atrox
1126 2924 1313 3008 exarsisset,

199 3038 240 3103 ni
267 3037 353 3103 duae
377 3037 564 3124 praetoriae
587 3038 741 3105 cohortes
763 3057 900 3105 causam
924 3040 1314 3127 quartadecumanorum

199 3157 339 3219 secutae
361 3152 416 3218 his
434 3152 596 3219 fiduciam
619 3159 653 3220 et
667 3158 798 3220 metum
812 3155 950 3222 Batavis
966 3155 1131 3221 fecissent.
1148 3155 1241 3234 Quos
1256 3156 1312 3243 (sc.

187 3253 451 3356 praetorianos)
468 3268 627 3336 Vitellius
642 3270 771 3355 agmini
788 3291 847 3336 suo
869 3270 966 3356 iungi
981 3274 1019 3336 ut
1034 3269 1119 3336 fidos
1131 3310 1174 3318 -
1185 3270 1312 3338 iubet.’'

200 3385 292 3452 Utut
316 3405 368 3449 res
392 3405 426 3450 se
448 3383 579 3467 habuit,
603 3385 693 3471 quod
713 3385 917 3451 Plutarchus
939 3385 1022 3451 dicit
1044 3407 1162 3451 omnes
1182 3392 1312 3473 praeto-

199 3500 317 3566 rianos
340 3499 534 3586 turpissime
558 3520 591 3565 se
614 3500 762 3587 gessisse,
785 3499 909 3566 falsum
926 3505 984 3566 est.
1009 3501 1238 3587 Conspicuum
1262 3508 1312 3569 est

199 3615 360 3681 Tacitum
390 3614 427 3679 in
459 3614 681 3681 describenda
710 3637 825 3702 pugna
854 3615 986 3682 nullam
1017 3616 1059 3682 de
1088 3617 1310 3703 praetorianis

199 3729 413 3795 mentionem
423 3731 541 3796 facere.
557 3731 711 3796 Fortasse
727 3730 932 3816 praetoriani
945 3730 1030 3797 falso
1045 3752 1190 3813 rumore,
1206 3753 1309 3819 quem

201 3845 280 3911 Tac.
316 3845 361 3913 H.
396 3847 432 3912 ΙΙ
466 3847 518 3928 42,
548 3846 637 3912 Plut.
674 3847 715 3911 12
745 3847 791 3912 in.
818 3846 969 3928 tradunt,
996 3867 1039 3913 sc.
1075 3846 1254 3915 descivisse
1287 3871 1308 3915 4

202 3959 341 4028 Vitellio
364 3961 561 4043 exercitum,
588 3960 777 4047 perturbati
799 3960 883 4027 alios
904 3965 998 4027 metu
1021 3965 1053 4026 et
1079 3961 1230 4027 tumultu
1244 3961 1308 4028 im·

204 4073 390 4160 pleverunt.
418 4075 518 4143 Unde
546 4080 663 4163 postea
685 4076 734 4163 (T.
758 4075 804 4143 H.
831 4077 876 4143 Π.
904 4077 970 4165 44.)
996 4097 1086 4157 ,non
1112 4076 1237 4144 virtute
1260 4099 1305 4162 se,

207 4189 262 4255 sed
279 4191 470 4277 proditione
500 4192 630 4259 victum
660 4192 845 4260 fremebat”
873 4195 1108 4282 praetorianus
1130 4193 1238 4261 miles.
