3038 5190
760 541 802 606 76

224 734 513 815 deliberationem,
529 756 591 821 pro
607 735 722 800 rostris
738 756 784 799 an
800 734 837 798 in
854 739 974 799 senatu
985 755 1030 800 an
1046 734 1081 798 in
1096 734 1224 800 castris
1242 734 1343 821 adop·

223 850 271 916 tio
294 855 559 936 nuncuparetur.
585 848 674 935 (Tac.
693 847 846 936 15-17.)
862 848 994 915 Deinde
1011 847 1164 915 breviter
1186 849 1343 936 adoptio-

225 986 305 1030 nem
324 965 361 1029 in
381 964 498 1030 castris
517 964 667 1050 exponit,
681 964 735 1030 cui
752 964 908 1050 adiungit
924 963 1190 1051 descriptionem
1209 963 1342 1030 Pisonis

223 1084 325 1165 atque
346 1078 491 1145 Othonis
513 1078 660 1162 habitus,
683 1100 770 1166 quae
792 1079 885 1166 apud
908 1080 986 1145 Tac.
1003 1079 1048 1144 H.
1066 1080 1092 1145 Ι.
1112 1080 1156 1147 17
1176 1085 1214 1145 et
1231 1081 1284 1161 21,
1301 1080 1340 1143 22

224 1195 409 1262 invenitur.
432 1195 561 1260 Iterum
585 1216 689 1261 exeo
713 1215 805 1260 error
829 1201 929 1261 natus
953 1200 1011 1276 est,
1036 1194 1139 1282 quod,
1165 1217 1258 1282 quae
1280 1196 1340 1261 Ta·

224 1308 310 1375 citus
333 1309 475 1377 diversis
498 1309 587 1375 locis
600 1309 641 1374 de
661 1310 784 1375 Pisone
809 1315 842 1375 et
865 1309 1000 1376 Othone
1020 1314 1146 1388 narrat,
1166 1309 1207 1374 in
1231 1331 1336 1375 unum

224 1424 408 1511 coniungit.
428 1424 518 1491 Nam
541 1424 713 1491 Othonem
732 1424 908 1511 adoptioni
923 1424 1114 1490 interfuisse
1131 1424 1228 1506 dicit,
1245 1423 1333 1512 quod

223 1561 346 1625 parum
376 1539 553 1626 probabile
583 1544 641 1605 est.
666 1540 802 1606 Tacitus
824 1540 927 1622 enim,
951 1540 979 1605 si
1002 1561 1037 1606 re
1067 1560 1150 1607 vera
1181 1527 1274 1606 Otho
1296 1539 1330 1603 in

224 1655 342 1721 castris
364 1654 480 1721 fuisset
496 1656 661 1742 signaqua
680 1655 804 1721 infensi
824 1655 931 1722 animi
948 1655 1103 1733 dedisset,
1123 1654 1160 1720 id
1185 1676 1259 1720 non
1278 1653 1331 1720 ob·

222 1767 411 1836 litterasset.
435 1769 461 1857 1)

268 1883 364 1964 Gap.
377 1887 436 1952 25.
448 1885 623 1951 Plutarchi
646 1885 795 1950 narratio
817 1885 899 1950 inde
921 1907 941 1950 a
964 1885 1012 1963 εἰς
1033 1881 1071 1945 ὁὲ
1091 1881 1131 1945 τὸ
1159 1881 1330 1945 Παλάτιον

192 2089 194 2093 y
222 1998 325 2080 εὐθὺς
341 2000 406 2078 μὲν
427 1999 601 2083 ἀπηγγέλη
623 2008 670 2080 τῷ
695 1997 810 2080 Γάλβᾳ
844 2000 900 2084 (sc.
937 2000 1109 2067 Othonem
1144 2021 1199 2066 res
1231 2022 1330 2068 novas

223 2114 421 2181 molientem
443 2116 481 2181 in
504 2121 613 2181 castra
628 2117 834 2204 pervenisse)
854 2115 954 2182 valde
969 2115 1111 2181 obscura
1127 2120 1187 2180 est.

231 2295 233 2299 ,
267 2231 386 2296 Lenius
401 2230 422 2296 l.
436 2230 456 2296 l.
470 2253 525 2318 pg.
539 2231 591 2297 56.
605 2232 683 2297 adn.
698 2232 727 2296 1.
740 2231 920 2318 inquisivit
932 2252 999 2317 quo
1011 2229 1085 2296 loco
1098 2228 1212 2296 Galba
1224 2251 1330 2297 versa·

223 2349 277 2435 tus
289 2345 332 2411 sit
343 2345 537 2433 claramque
549 2346 964 2433 reiinraginemexposuit.
974 2344 1330 2412 Animadvertendum

222 2459 392 2526 Palatium
409 2461 620 2547 appellatum
643 2483 713 2527 esse
730 2467 769 2528 ct
791 2467 898 2528 totam
920 2460 1017 2526 illam
1040 2459 1135 2526 urbis
1157 2460 1330 2546 regionem

223 2580 256 2640 et
274 2576 416 2641 domum
441 2575 601 2657 Caesaris,
627 2576 755 2643 Galbae
777 2577 994 2663 haruspicem
1017 2597 1079 2662 pro
1098 2574 1182 2641 aede
1203 2575 1330 2662 Apolli·

220 2689 274 2754 nis
297 2690 498 2757 sacrificasse
518 2691 568 2777 (Τ.
589 2693 633 2758 Η.
655 2692 681 2757 Ι.
699 2692 775 2779 27.),
798 2691 858 2757 ubi
882 2690 992 2757 Galba
1011 2690 1124 2756 adhuc
1140 2695 1238 2771 esset,
1254 2712 1331 2756 cum

221 2806 436 2872 nuntiaretur
465 2806 637 2873 Othonem
667 2807 702 2872 in
735 2813 843 2873 castra
866 2811 1004 2892 raptum
1035 2826 1105 2871 esse
1128 2804 1220 2893 (Tac.
1246 2807 1327 2892 29.);

221 2942 354 2987 necesse
385 2943 454 2988 esse
486 2921 632 2988 Galbam
659 2923 801 3005 domum
832 2922 980 3003 rediisse,
1011 2921 1103 3008 quod
1135 2921 1328 3007 significent

221 3036 328 3102 Taciti
350 3036 415 3102 loci
445 3038 504 3103 29:
538 3017 619 3124 ,pro
642 3037 803 3124 gradibus
826 3038 948 3103 domus
969 3037 1138 3117 vocatos'',
1163 3038 1224 3102 32:
1251 3036 1328 3118 ,Vi-

221 3151 298 3216 nius
322 3152 531 3218 manendum
554 3153 645 3219 intra
668 3152 1066 3235 domum-censebat,''
1091 3152 1150 3219 35:
1173 3151 1328 3233 ,Inoauti

220 3266 371 3333 refractis
393 3267 516 3335 Palatii
545 3268 673 3335 foribus
702 3291 799 3335 ruere
829 3269 923 3335 intus
946 3291 986 3335 ac
1008 3289 1043 3334 se
1066 3267 1198 3335 Galbae
1221 3273 1328 3333 osten-

220 3382 323 3447 tare.''
347 3381 493 3449 Galbam
517 3382 659 3449 domum
685 3384 823 3450 rediisse
846 3406 863 3449 e
887 3383 1042 3471 sequenti
1069 3383 1142 3448 loco
1172 3381 1327 3469 patefieri

220 3501 390 3583 putamus.
418 3497 456 3563 T.
484 3499 528 3564 Η.
557 3498 583 3564 Ι.
609 3501 660 3565 29.
688 3500 851 3586 „Ignarus
873 3499 1011 3564 interim
1036 3497 1146 3564 Galba
1169 3503 1205 3564 et
1227 3497 1327 3564 sacris

218 3610 370 3677 intentus
392 3612 556 3699 fatigabat
585 3613 688 3680 alieni
717 3614 786 3680 iam
809 3614 945 3701 imperii
969 3613 1049 3679 deos
1073 3635 1152 3679 cum
1174 3612 1326 3679 adfertur

256 3837 280 3902 1)
299 3837 391 3890 Lezius
409 3839 426 3890 l.
444 3840 461 3890 l.
481 3857 521 3906 pg.
541 3840 573 3892 41
593 3847 666 3907 putat
685 3858 699 3893 e
717 3840 778 3892 Tac.
803 3841 837 3893 14
855 3840 1037 3908 „adhibitoque
1061 3857 1139 3907 super
1163 3839 1274 3892 Vinium
1299 3855 1326 3889 ac

219 3932 347 3986 Laconem
362 3935 447 3987 Mario
465 3935 538 3989 Oelso
549 3968 581 3975 -
592 3955 621 3989 ac
638 3937 756 3990 Ducenio
770 3937 897 3990 Gemino”
917 3946 1032 3990 constare
1051 3936 1181 3989 Othonem
1196 3934 1325 4003 adoptioni

218 4046 270 4081 non
287 4029 440 4085 interfuisse.
459 4033 502 4085 Ex
519 4035 567 4086 hoc
584 4035 639 4086 loco
659 4051 719 4086 vero
737 4034 773 4086 nil
792 4035 910 4100 efficitur,
929 4053 990 4086 nam
1007 4034 1047 4086 illi
1064 4033 1115 4086 viri
1132 4033 1236 4100 imperii
1249 4031 1325 4084 comi-

217 4126 260 4179 tiis
277 4127 456 4196 interfuerunt,
475 4131 508 4182 ad
525 4149 591 4199 quae
610 4131 693 4184 Galba
711 4132 849 4199 Othonem,
868 4122 964 4200 qnippe
981 4121 1025 4199 qui
1043 4132 1100 4198 ipse
1117 4130 1271 4183 candidatus
1289 4148 1324 4184 es·

218 4232 263 4291 set,
282 4224 403 4278 adhibere
420 4244 471 4279 non
488 4229 579 4295 potuit.
742 4239 744 4242 ‘
1012 4237 1014 4241 '
