3030 5190
605 560 647 624 69

63 773 141 819 cam
161 754 292 821 Galbae
316 753 454 820 obviam
474 753 559 819 iisse.
588 753 785 819 Jiinemann
809 774 885 838 pgg.
915 754 967 832 13,
993 754 1043 817 14.
1069 753 1176 840 expli·

68 889 144 935 care
156 870 270 937 studet
280 869 372 936 unde
383 869 511 935 factum
524 868 567 933 sit
580 874 618 934 ut
633 867 835 933 Plutarchus
847 869 1018 934 erraverit.
1046 868 1178 950 „Quare

69 982 290 1051 Plutarchum
321 982 487 1051 eiusmodi
515 981 645 1069 aliquid
677 982 718 1047 de
743 982 893 1047 numeris
916 982 1068 1068 legionis,
1093 1005 1177 1070 quos

73 1092 158 1165 Nero
182 1121 200 1166 e
224 1099 401 1166 classiariis
424 1098 560 1179 creavit,
588 1096 680 1184 apud
704 1118 782 1162 cum
805 1102 977 1163 auctorem
1002 1119 1103 1184 quem
1131 1121 1178 1164 se·

79 1218 166 1279 cutus
184 1220 242 1297 est,
266 1215 430 1302 seriptum
444 1213 616 1279 invenisse
634 1218 807 1299 putamus;
832 1211 890 1277 sed
913 1211 1057 1298 scriptor
1077 1213 1178 1280 Grae·

84 1347 133 1392 cus
153 1350 190 1396 ea
209 1329 313 1396 verba
331 1328 425 1396 haud
447 1333 537 1394 recte
555 1328 795 1413 interpretatus
814 1326 877 1392 hos
896 1327 1083 1393 classiarios
1109 1350 1178 1394 eos-

88 1443 153 1509 dem
172 1443 375 1510 intellexisse
398 1442 543 1523 videtur,
568 1463 609 1507 ex
634 1439 757 1527 quibus
783 1442 872 1507 Nero
899 1440 1068 1527 legionem
1096 1443 1178 1509 olas-

10 1592 12 1647 3
55 1529 59 1553 Ι
92 1558 176 1624 sicam
193 1558 468 1645 conscripserat.''
486 1555 642 1622 Concedo
662 1556 802 1642 quidem
825 1555 1008 1622 Plutarcho
1029 1579 1177 1624 errorem

93 1673 159 1740 vitio
169 1674 249 1741 verti
265 1694 372 1764 posse,
388 1672 446 1738 sed
465 1672 604 1737 fortasse
616 1671 746 1737 librarii
766 1671 866 1757 culpa
880 1672 977 1738 inest.
995 1674 1063 1739 Fac
1085 1668 1177 1736 οὗτοι

97 1810 128 1853 cx
144 1785 195 1851 οἷοι
218 1794 416 1874 corruptum
436 1808 515 1868 csse,
532 1794 614 1853 tunc
633 1785 763 1851 bonum
779 1785 909 1851 bonum
926 1808 1063 1852 sensum
1082 1809 1176 1873 prae·

98 1902 160 1970 bert
171 1905 271 1973 verba
294 1901 356 1967 οῖοι
377 1902 417 1965 de
437 1900 524 1984 ἦσαν
550 1941 585 1950 -
615 1901 766 1985 ἀπέφηνε
790 1902 1005 1983 στρατιώτας.
1027 1925 1075 1969 sc:
1096 1925 1176 1990 qua-

99 2016 243 2102 lucrant,
268 2042 352 2109 quos
371 2021 461 2086 Nero
478 2020 515 2085 in
535 2040 640 2086 unam
660 2019 829 2104 legionem
846 2019 1053 2105 conscriptos
1070 2018 1176 2084 iustos

100 2132 194 2202 milites
215 2137 348 2203 fecerat.
372 2135 515 2202 Adiecta
535 2140 614 2200 sunt
633 2135 772 2200 fortasse
794 2156 814 2199 a
838 2133 1020 2199 Plutarcho
1041 2134 1084 2199 ad
1106 2141 1175 2195 τῶν

98 2245 205 2327 ἐρετῶν,
235 2257 274 2318 ut
303 2250 519 2336 intellegatur
550 2249 746 2331 classiarios
771 2248 918 2315 Galbam
936 2248 1094 2336 precibus
1117 2249 1174 2316 ad-

98 2370 194 2447 euntes,
211 2367 315 2432 iustos
331 2365 456 2432 milites
473 2365 613 2453 quidem
628 2366 733 2431 factos
750 2387 829 2446 csse,
847 2386 957 2451 neque
975 2386 1055 2432 vero
1071 2364 1174 2452 plane

97 2473 123 2540 in
139 2477 292 2567 legionem
316 2482 532 2568 conscriptos.

126 2591 205 2676 Gap.
217 2598 268 2666 17.
285 2595 475 2681 Tigellinus
490 2595 656 2683 supplicio
673 2617 742 2661 non
758 2596 912 2677 afficitur,
930 2618 1012 2662 narn
1032 2594 1173 2676 ἐφθάκει

94 2697 122 2764 <lt
137 2704 151 2768 ὁ
166 2719 320 2790 γενναῖος
334 2708 548 2792 προειληφὼς
566 2710 740 2791 ἀρραβῶσι
760 2708 922 2791 μεγάλοις
945 2710 1004 2772 τόν
1032 2709 1172 2774 Οὐίνιον.

122 2819 237 2892 Diversi
260 2826 441 2913 scriptores
457 2825 651 2913 discrepant
666 2826 704 2890 in
720 2826 883 2893 solvenda
900 2827 1096 2913 quaestione
1113 2850 1171 2893 cur

89 2930 247 3020 Tigellinus
269 2964 291 3007 a
315 2939 424 3007 Galba
444 2963 514 3006 non
537 2941 704 3028 supplicio
727 2942 866 3008 affectus
890 2941 942 3007 sit.
968 2942 1046 3008 Tac.
1070 2942 1115 3008 H.
1141 2944 1168 3010 Ι.

87 3046 126 3115 72.
146 3054 250 3142 „apud
271 3055 418 3122 Galbam
441 3056 509 3122 Titi
533 3056 629 3124 Vinii
657 3056 808 3143 potentia
837 3055 993 3122 defensus
1017 3062 1170 3144 praetex-

82 3165 152 3233 entis
173 3175 341 3238 servatam
364 3169 408 3236 ab
431 3192 470 3237 eo
493 3171 612 3253 filiam;
639 3172 732 3238 haud
753 3169 855 3238 dubie
882 3178 1076 3241 servaverat
1098 3195 1169 3239 non

79 3277 249 3365 clementia,
270 3284 397 3372 quippe
412 3291 462 3352 tot
476 3285 670 3367 interfectis,
692 3286 749 3352 sed
766 3287 929 3372 effugium
948 3289 984 3352 in
1005 3290 1167 3371 futurum,

74 3397 144 3483 quia
164 3400 328 3486 pessimus
359 3401 501 3488 quisque
532 3401 722 3468 diffidentia
752 3404 982 3489 praesentium
1012 3407 1168 3472 mutatio-

69 3532 142 3578 nem
159 3537 287 3601 pavens
309 3515 472 3583 adversus
495 3516 671 3604 publicum
695 3518 813 3584 odium
832 3503 1002 3605 privatam
1021 3521 1167 3606 gratiam

63 3630 270 3716 praeparat.''
287 3629 322 3696 G.
342 3631 417 3698 Dic.
436 3633 487 3698 64.
509 3635 538 3698 3.
560 3633 734 3719 quandam
755 3633 883 3700 Galbae
904 3634 1166 3702 obstinationem

60 3763 195 3810 causam
211 3765 281 3810 csse
298 3744 390 3811 dicit.
407 3752 455 3825 τῷ
476 3744 516 3808 δὲ
536 3745 630 3829 ὁήμῳ
652 3746 787 3829 σφόδρα
808 3746 954 3828 ἀξιοῦντι
975 3748 1035 3812 τὸν
1057 3750 1166 3832 Τιγελ-

55 3857 154 3922 λῖνον
169 3897 204 3905 -
221 3857 412 3935 ἀποθανεῖν,
429 3863 494 3944 οὐχ
511 3862 632 3942 ὑπεῖξε,
654 3861 726 3945 τάχ’
748 3863 790 3924 ἄν
811 3864 1008 3944 ἀποκτείνας
1035 3866 1166 3948 αὐτοὺς,
1190 3886 1192 3890 ’

51 3973 150 4054 εἰμὴ
172 3973 294 4036 ἐνεῖναι
314 3975 404 4039 τοῦτ’
426 3978 602 4059 ᾑτήιιεααν.
625 3978 713 4046 Suet.
738 3980 778 4046 G.
804 3980 855 4046 15.
888 3980 953 4061 „At
977 3987 1094 4048 contra
1117 3985 1167 4048 ni-

47 4089 102 4158 hil
129 4111 201 4157 non
221 4111 282 4177 per
304 4092 444 4158 comites
466 4099 567 4180 atque
594 4093 732 4160 libertos
759 4095 867 4182 pretio
892 4096 1005 4162 addici
1029 4103 1088 4164 aut
1111 4099 1167 4164 do·

43 4203 131 4274 nari
160 4206 269 4291 gratia
298 4229 416 4294 passus
446 4214 495 4276 est
524 4248 568 4257 -
596 4210 818 4297 impunitates
844 4211 1036 4280 noxiorum.
1070 4213 1161 4293 Quin
