3038 5190
730 532 773 593 50

194 726 233 789 Ο.
260 727 310 788 ts.
335 720 441 783 Εἶὸον
463 722 502 784 di:
523 723 561 783 ἐν
583 721 753 803 Βριξίλλῳ
775 724 964 805 γενόμενος
983 728 1039 787 ναὶ
1050 736 1181 808 μνῆμα
1193 729 1326 808 μέτριον

193 844 254 902 010.
291 839 392 903 Recte
416 839 662 904 Gorstcnecker
682 840 710 925 ¹)
732 838 927 906 observavit
950 840 1096 907 Florum
1121 843 1165 907 in
1191 843 1260 908 11οο
1281 843 1327 907 111-

194 975 275 1018 nere
300 976 369 1019 non
394 954 504 1021 solum
532 955 574 1019 dc
598 975 780 1040 corporum
800 976 922 1022 acervo
942 977 1022 1020 cum
1042 955 1245 1023 Plutarcho
1269 956 1326 1022 col-

193 1068 346 1134 locutum
372 1091 452 1150 csse,
477 1069 535 1134 sed
560 1075 670 1135 toturn
695 1068 777 1135 belli
801 1091 939 1136 cursum
963 1071 993 1136 ei
1018 1071 1240 1159 depinxisse.
1254 1074 1279 1158 2)

240 1183 397 1248 Alterum
422 1183 500 1250 talis
523 1206 605 1250 voce
630 1184 775 1249 traditae
799 1184 847 1249 rei
871 1184 1039 1251 indicium
1063 1193 1195 1254 exstat.
1230 1187 1269 1253 Ο.
1295 1189 1321 1251 9.

195 1298 394 1385 (inquiritur
424 1300 461 1363 in
494 1321 622 1379 causas,
654 1321 715 1364 cnr
745 1305 816 1364 tam
844 1321 988 1386 propere
1021 1299 1115 1366 Otho
1149 1303 1322 1368 decertare

196 1414 373 1498 statuerit.)
398 1412 498 1475 Δονεῐ
509 1412 548 1473 dd
567 1412 655 1493 μηὸὲ
672 1412 775 1492 αὐτὸς
794 1411 903 1476 ’Odor
924 1414 1155 1496 ἐξαναφέρειν
1171 1417 1225 1479 ἐτι
1242 1416 1322 1498 πρὸς

195 1528 256 1608 τὴν
278 1526 469 1608 ἀδηλότητα
487 1525 575 1607 μηδὲ
595 1527 774 1605 ὑπομένειν
795 1526 914 1608 ἀηθείᾳ
934 1530 989 1589 ναὶ
1009 1527 1229 1612 μαλακότητι
1247 1531 1322 1609 τοὺς

194 1644 269 1722 περὶ
293 1650 362 1703 τῶν
384 1640 505 1703 ὁεινῶν
524 1641 715 1722 λογισμούς,
737 1642 987 1723 ἐκπονούμενος
1008 1642 1047 1705 dd
1068 1654 1143 1724 ταῖς
1166 1645 1321 1726 φροντίσι

196 1755 351 1818 σπεύδειν
374 1755 667 1838 ἐγκαλυψάμενος,
694 1756 808 1837 ὥσπερ
832 1755 897 1819 ἀπὸ
919 1765 1079 1838 κρημνοῦ,
1102 1757 1264 1836 μεθεῖναι
1283 1759 1320 1820 τὰ

194 1872 373 1953 πράγματα
404 1869 489 1951 πρὸς
514 1870 553 1932 τὸ
580 1869 756 1953 συντυχόν.
785 1869 866 1932 Καί
891 1880 1009 1933 τοῦτο
1034 1870 1110 1951 μὲν
1141 1871 1320 1955 ὁιηνεϊτο

196 1984 422 2065 Σεκοῦνδος
451 1986 469 2048 ὁ
497 1986 629 2069 ῥήτωρ
649 1986 710 2047 ἐπὶ
737 1995 816 2047 τῶν
844 1985 1066 2049 ἐπιστολῶν
1091 1987 1320 2070 γενόμενος

196 2111 260 2164 τοῦ
281 2100 462 2180 Ὄθωνος.

240 2218 337 2296 Sunt,
351 2217 410 2303 qui
419 2217 574 2303 1111101113)
587 2217 811 2282 Plutarchum
825 2218 1060 2287 testimonium
1072 2218 1238 2302 Secundi,
1252 2221 1318 2308 qui,

196 2339 361 2418 utsupra
384 2331 651 2411 observavimus,
675 2332 770 2397 haud
801 2332 904 2399 dubie
933 2329 1027 2399 idem
1059 2339 1109 2399 est
1138 2357 1182 2400 ac
1213 2334 1320 2401 lulius

198 2448 384 2529 Secundae,
409 2456 510 2513 notus
536 2469 597 2534 per
620 2447 729 2512 Taciti
753 2448 947 2534 Dialogum,
972 2470 989 2514 e
1013 2450 1139 2536 scripto
1163 2450 1263 2517 fonte
1285 2452 1319 2516 in

196 2586 282 2650 opus
295 2585 395 2628 suum
408 2562 630 2628 transtulisse.
655 2562 721 2628 Sed
734 2564 850 2648 Lange
862 2563 889 2650 4)
912 2563 993 2629 satis
1005 2585 1179 2651 superque
1201 2587 1319 2632 eorum

195 2685 398 2764 argumenta
421 2677 592 2744 refutavit.
609 2677 666 2744 Nil
690 2678 784 2744 enim
804 2678 908 2744 efficit
928 2678 1020 2765 quod
1036 2678 1160 2744 Nissen
1178 2682 1318 2767 profert:

196 2793 431 2874 Plutarchum,
452 2793 479 2857 si
492 2791 536 2859 ab
554 2793 629 2878 ipso
649 2792 806 2859 Secundo
823 2815 862 2858 ca
882 2793 1075 2879 accepisset,
1086 2792 1162 2872 ἐμοὶ
1171 2793 1321 2878 διηγεῖτο

197 2909 405 2995 scripturum
427 2908 540 2974 fuisse.
565 2909 670 2973 Porro
695 2908 794 2973 docet
819 2909 936 2993 Lange
963 2908 1055 2973 locos
1080 2909 1192 2975 Taciti
1207 2911 1254 2978 Π.
1269 2913 1320 2978 33.

200 3023 311 3104 ,,Ο111ο
324 3045 454 3110 pronus
471 3022 514 3088 ad
528 3023 807 3103 decertandum'',
819 3024 871 3089 40.
888 3023 1025 3104 „aderat
1037 3044 1118 3089 sane
1130 3025 1222 3090 cit-us
1234 3048 1321 3113 equo

199 3138 349 3203 Numida
376 3158 454 3202 cum
478 3136 650 3203 atrocibus
674 3137 856 3219 mandatis,
885 3137 1009 3224 quibus
1033 3125 1125 3204 Otho
1148 3139 1321 3228 increpita

202 3253 328 3318 ducum
359 3252 504 3337 segnitia
535 3274 608 3317 rom
639 3252 676 3317 in
708 3252 892 3318 discrimen
924 3252 1014 3318 mitti
1042 3251 1195 3335 iubebat,
1221 3277 1322 3342 aeger

198 3388 294 3433 mora
318 3374 351 3433 et
371 3367 442 3455 spei
462 3368 667 3454 impatiens''
692 3389 776 3454 quos
795 3369 904 3450 Peter,
928 3369 1123 3433 Mommsen
1144 3390 1227 3435 cum
1248 3370 1321 3437 loco

233 3520 293 3583 111.
313 3520 330 3570 l.
351 3537 408 3585 pgg.
429 3520 533 3582 51511

231 3616 258 3681 ’2)
278 3617 355 3667 Hanc
379 3616 532 3667 sententiam
557 3615 649 3667 Lezius
672 3616 688 3666 l.
714 3617 730 3666 l.
755 3634 795 3682 pg.
823 3615 959 3668 151111.
980 3617 1003 3666 1.
1022 3614 1166 3683 impugnat.
1187 3617 1323 3686 Opinatur

196 3714 351 3780 colloquium
371 3713 439 3764 inter
458 3713 625 3764 Plutarchum
646 3719 671 3762 et
690 3712 806 3777 Florum,
825 3713 870 3779 qui
889 3712 1006 3779 privatus
1021 3711 1090 3764 inter
1109 3712 1225 3768 Othonis
1244 3717 1322 3769 eomi-

196 3822 234 3863 tes
253 3811 361 3862 Brixelli
381 3811 541 3874 remanserit,
556 3810 583 3861 in
597 3809 739 3861 levioribus
751 3817 852 3861 tantum
867 3809 943 3861 rebus
962 3818 1093 3861 versatum
1111 3826 1176 3862 esse.
1190 3811 1247 3865 Sed
1260 3815 1324 3866 haec

197 3927 273 3960 carisa
296 3909 332 3959 nil
352 3909 427 3959 valet.
452 3909 536 3959 Immo
559 3907 701 3958 obscuritas
725 3907 751 3958 iu
775 3907 931 3973 proeliorum
956 3906 1102 3959 narratione
1120 3924 1179 3959 mea
1198 3911 1324 3977 opinione

197 4006 291 4072 partim
310 4005 370 4056 inde
388 4005 540 4072 explicanda
559 4005 684 4071 estquod
704 4005 797 4055 Florus
815 4004 908 4070 pugnis
927 4021 978 4055 non
996 4004 1121 4056 interfuit.

234 4103 260 4168 3)
279 4103 363 4154 Peter.
383 4103 400 4152 l.
420 4102 436 4153 l.
457 4120 497 4168 pg.
517 4100 560 4154 42.
580 4102 734 4153 Mommsen.
755 4103 770 4152 l.
791 4102 807 4152 l.
827 4119 868 4168 pg.
889 4100 948 4153 3⁶21.
969 4101 1071 4153 Nissen.
1091 4101 1107 4152 l.
1127 4102 1143 4152 l.
1164 4119 1207 4168 pg.
1229 4105 1292 4159 507.

234 4201 261 4257 ll
280 4200 297 4250 l.
317 4199 333 4250 l.
354 4217 411 4264 pgg.
434 4200 545 4250 lt—la.
