3038 5190
571 543 665 607 .13

89 732 200 819 prima
231 731 323 818 apud
354 731 511 797 Tacitum
534 736 691 797 enarrata
719 736 777 797 est.
803 731 827 818 1)
851 732 974 797 Nonne
997 733 1109 819 potius
1132 755 1201 799 cre·

89 846 210 913 damus
232 846 308 911 ideo
329 845 468 912 alterins
490 845 646 911 Bedriaci
668 867 804 933 pugnae
828 847 1059 914 narrationem
1083 847 1200 914 melio-

88 982 161 1026 rem
178 981 258 1042 esse‚
279 960 371 1046 quod
394 959 532 1026 Tacitus
550 959 587 1025 in
604 981 644 1026 ea
659 960 904 1028 conscribenda
923 961 1110 1044 Messallae,
1122 962 1202 1050 ipsi-

88 1096 128 1140 us
151 1096 286 1161 pugnae
308 1074 413 1156 testis,
431 1074 693 1140 commentarios
709 1074 753 1140 ad
769 1097 912 1142 manum
928 1075 1079 1158 haberet,
1098 1076 1198 1164 quale

89 1211 174 1276 opus
203 1190 240 1255 in
271 1189 403 1276 primae
432 1211 568 1276 pugnae
596 1189 823 1276 descriptione
847 1191 877 1255 ei
900 1196 1033 1277 praesto
1058 1213 1128 1257 non
1152 1213 1199 1258 es-

89 1305 158 1370 set?
564 1312 566 1315 ’

131 1419 307 1484 Postremo
330 1440 384 1504 pg.
404 1419 446 1484 29
462 1416 611 1484 declarat
626 1416 776 1483 Sallustii
793 1439 888 1484 more
903 1419 1098 1486 Messallam
1116 1427 1201 1506 opus

89 1554 189 1598 suum
213 1532 254 1599 de
277 1533 377 1600 annis
401 1534 454 1614 68,
478 1534 531 1613 69,
554 1533 745 1599 confecisse.
766 1533 866 1611 Quod
882 1539 920 1599 ut
936 1533 1142 1622 comprobet,
1163 1535 1200 1600 in

88 1668 144 1713 ore
174 1646 279 1713 habet
311 1647 514 1733 ,Ankldnge
544 1669 589 1712 an
621 1647 688 1712 den
719 1646 964 1713 Sallustischen
989 1649 1073 1714 StiP'
1096 1652 1200 1736 atque
1325 1692 1328 1698 ·

87 1761 272 1828 antitheses
302 1762 462 1849 (quarum
492 1783 676 1827 numerum
700 1756 913 1849 comparavit
934 1784 989 1849 pg.
1016 1761 1081 1851 14).
1106 1763 1201 1829 Atta-

87 1898 167 1941 men
197 1877 269 1963 ipse
301 1877 404 1943 huius
433 1877 627 1963 argumenti
658 1876 895 1942 infirmitatem
925 1877 1039 1943 sensit.
1071 1879 1130 1964 Pg.
1156 1879 1198 1943 30

88 1991 181 2056 enim
214 1991 429 2073 „Indessen'',
452 1991 576 2078 inquit,
601 1991 712 2073 ,diese
735 1990 954 2057 stilistischen
980 1992 1113 2077 Fragen
1144 1991 1200 2058 be·

88 2105 210 2171 diirfen
234 2105 327 2172 einer
349 2105 561 2172 besonderen
584 2107 804 2191 Erdrterung,
820 2107 881 2171 auf
894 2106 949 2172 die
963 2106 1021 2172 ich
1037 2106 1112 2172 hier
1127 2128 1201 2174 rer·

88 2219 221 2286 nichten
252 2221 367 2286 muss''
399 2226 460 2287 etc.
493 2220 593 2299 Quod
624 2220 668 2286 ad
692 2219 878 2286 antitheses
900 2220 1069 2287 nonnulla
1091 2220 1201 2287 obser·

87 2335 202 2402 vanda
225 2335 343 2401 habeo.
369 2336 427 2420 Pg.
453 2335 494 2401 15
517 2340 632 2400 noster
654 2335 843 2401 contendit:
872 2335 955 2416 ,Die
971 2335 1131 2403 Vorliebe
1146 2337 1201 2402 fiir

90 2448 198 2515 dieses
221 2449 448 2516 Kunstmittel
471 2451 533 2535 (sc:
558 2450 756 2537 antitheses)
779 2450 853 2516 tritt
876 2471 940 2516 uns
1054 2449 1109 2516 bei
1132 2451 1200 2517 den

88 2565 232 2630 meisten
264 2564 528 2631 Schriftstellern
559 2565 618 2631 des
649 2570 760 2631 ersten
790 2565 864 2631 und
894 2565 1032 2631 zweiten
1055 2565 1201 2631 christli-v

87 2679 175 2746 chen
197 2680 451 2746 Jahrhunderts
474 2680 573 2746 mehr
596 2680 680 2746 oder
702 2679 838 2745 minder
860 2684 1063 2766 ausgepragt
1086 2686 1200 2766 entge·

85 2795 184 2880 gen.''
208 2794 405 2861 Antitheses
428 2816 506 2880 ergo
526 2796 570 2862 ad
586 2794 780 2862 Messallam
798 2793 969 2860 scribendi
985 2815 1093 2880 genus
1108 2794 1198 2861 male

87 2909 269 2975 convenire
299 2930 396 2995 posse
425 2908 514 2974 mihi
541 2909 712 2976 videntur.
737 2909 827 2974 Nam
856 2929 984 2989 omnes,
1008 2908 1067 2994 qui
1090 2908 1198 2974 Taciti

86 3021 269 3108 Dialogum
291 3023 456 3109 legerunt,
480 3022 685 3104 Messallam,
705 3023 753 3089 rei
770 3021 926 3109 publicae
947 3022 1107 3088 scientiae
1129 3044 1200 3088 mo·

85 3159 231 3224 rumque
254 3138 354 3206 valde
377 3138 577 3220 studiosum,
602 3138 654 3204 sui
682 3139 845 3226 temporis
868 3138 989 3205 orandi
1013 3138 1200 3204 scribendi-

87 3273 153 3339 que
175 3253 291 3338 generi
314 3253 436 3319 acriter
458 3274 664 3340 repugnasse
689 3254 810 3320 sciunt.

131 3367 244 3433 Baieri
266 3367 382 3434 libello
405 3367 553 3455 perlecto
577 3368 715 3434 laudem
737 3368 899 3449 acumini,
924 3389 991 3455 quo
1015 3389 1112 3432 suam
1129 3367 1199 3453 opi·

87 3482 227 3548 nionem
255 3483 454 3564 defenderit,
484 3483 723 3570 impertiamus
746 3504 881 3549 necesse
905 3488 962 3549 est.
987 3484 1118 3549 Recens
1142 3480 1199 3547 do-

87 3602 287 3663 cumentum
311 3597 405 3663 dedit
424 3619 528 3684 quam
551 3599 655 3666 variis
678 3598 888 3683 argumentis
907 3595 1083 3662 Plutarchi
1106 3597 1199 3662 Taci-

85 3711 179 3798 tique
204 3733 315 3798 opera,
340 3713 515 3778 communi
535 3715 629 3779 fonte
646 3718 781 3794 statuto,
805 3711 983 3777 materiem
1001 3709 1197 3797 praebeant.

131 3825 186 3891 Ab
217 3825 339 3892 ultimo
368 3827 467 3893 initio
498 3828 657 3916 repetivit
691 3826 924 3914 quaestionem
957 3825 1089 3905 Fanni,
1122 3825 1198 3912 qui,

86 3941 359 4007 testimoniorum
384 3943 427 4008 ad
446 3948 642 4031 temporum
658 3943 826 4010 rationem
849 3939 1095 4028 pertinentium
1118 3961 1199 4025 enu-

122 4111 149 4170 ll
168 4108 207 4161 cf.
227 4109 385 4175 Momrsm,
405 4111 517 4162 Hermes
536 4111 570 4176 V,
589 4129 646 4179 pgg.
667 4080 813 4165 1612173.
833 4109 884 4160 Die
897 4108 958 4160 zuei
975 4107 1127 4160 Schlachten
1147 4125 1198 4160 von

85 4207 235 4259 Betriacum
253 4206 289 4257 im
307 4207 388 4259 Jahre
406 4207 439 4262 69
458 4225 483 4259 n.
504 4207 564 4260 Chr.
