3038 5190
720 517 784 582 104

241 708 271 776 0
330 759 338 777 .
388 711 425 776 6.

238 712 497 902 depfftsvzoudvov
518 821 557 885 ὁὲ
577 831 637 885 τοῦ
658 820 774 902 Γάλβα
795 820 983 902 προελθεῖν,
1010 824 1066 885 καὶ
1088 822 1230 886 Οὐινίου)
1254 823 1315 901 μὲν

197 938 259 1002 οὐκ
279 940 417 1018 ἐῶντος,
439 935 612 1000 Κέλσου
634 935 673 999 ὁὲ
699 938 755 999 καὶ
781 935 946 1018 Λάκωνος
972 937 1238 1018 παρορμώντων
1263 939 1313 999 καὶ

197 1050 432 1135 σφοδρότερον
452 1060 512 1114 τοῦ
538 1049 669 1115 Οὐινίου
688 1050 964 1130 καθαπτομενων,
985 1058 1047 1119 etc.

241 1167 328 1233 Cum
351 1167 578 1232 Mommsenio
601 1166 623 1231 l.
643 1166 665 1230 l.
685 1188 740 1252 pg.
766 1167 839 1233 303.
862 1166 1204 1253 adn.1.lsgondum
1231 1164 1314 1228 Ἰκέ-

195 1280 275 1344 λου
295 1279 334 1345 di
353 1282 408 1343 καὶ
428 1280 602 1360 Λάκωνος,
618 1303 700 1347 nam
721 1281 836 1348 Celsus
852 1282 954 1349 modo
974 1284 1147 1369 profectus
1167 1287 1254 1364 erat,
1274 1283 1312 1347 cf.

199 1394 251 1462 25.
275 1395 297 1462 i.
321 1396 343 1463 f.
371 1396 450 1464 Vid.
474 1401 647 1483 praeterea
670 1397 747 1462 Tac.
767 1396 812 1462 H.
836 1396 864 1462 I.
888 1397 942 1478 32,
964 1398 1017 1463 33.
1044 1397 1164 1479 „Titus
1189 1396 1314 1464 Vinius

195 1510 406 1576 manandum
433 1510 524 1577 intra
555 1511 696 1577 domum
722 1550 766 1559 —
797 1510 986 1577 censebat'.
1019 1511 1190 1593 „Vinium
1224 1512 1312 1578 Laco

195 1625 373 1692 minaciter
394 1625 531 1708 invasit,
554 1625 752 1692 stimulante
773 1626 896 1693 Icelo.''

237 1793 312 1858 Τῶν
335 1795 400 1875 μὲν
428 1791 488 1858 οὖν
514 1794 652 1859 πολλῶν
673 1794 798 1878 ὁρόμος
818 1793 869 1877 ἦν,
891 1797 932 1859 οὐ
952 1804 1041 1878 φυγῇ
1063 1795 1312 1877 σκιδναμένων,

195 1901 270 1972 θλλ
292 1911 358 1973 ἐπὶ
379 1911 439 1992 τὰς
460 1910 563 1992 στοὰς
582 1912 637 1974 καλ
651 1909 692 1974 τὰ
703 1906 861 1992 μετέωρᾶ
875 1921 935 1993 τῆς
948 1911 1077 1993 ἀγορᾶς
1096 1911 1217 1994 ὥσπερ
1231 1912 1314 1978 θέαν

194 2019 533 2106 καταλαμβανόντων.

240 2143 359 2208 Lszius
381 2141 403 2206 l.
416 2141 438 2207 l.
459 2165 514 2229 pg.
539 2142 592 2209 59.
619 2142 698 2209 adn.
723 2144 753 2209 1.
778 2143 822 2209 ad
844 2142 882 2208 h.
899 2143 921 2208 l.
946 2143 1020 2224 „sut
1037 2144 1314 2231 transposuerim

197 2262 277 2323 ante
300 2255 394 2319 θέαν.
419 2258 473 2324 Ita
492 2257 559 2323 duo
578 2258 745 2325 habemus
764 2259 945 2346 participia
964 2258 1067 2346 plane
1086 2258 1154 2326 sibi
1173 2281 1316 2347 respon-

195 2372 320 2438 dentia.
344 2371 472 2439 Dubito
492 2373 584 2438 enim
605 2396 689 2439 num
704 2374 771 2453 dici
787 2374 893 2461 possit
907 2371 992 2435 θέαν
1005 2371 1314 2454 καταλαμβάνειν.”

195 2486 260 2552 Illa
277 2488 368 2553 Lorii
392 2487 559 2554 dubitatio
583 2488 632 2553 nil
655 2487 756 2570 valet,
780 2490 820 2555 cf.
844 2490 925 2556 Luc.
949 2489 991 2556 de
1016 2487 1096 2556 Salt.
1121 2488 1143 2553 5
1164 2486 1257 2551 θέαν
1280 2527 1313 2536 -

192 2594 470 2682 καταλαμβάνων,
492 2600 573 2665 ὅθεν
593 2604 648 2665 καλ
669 2601 746 2684 ὄψει
760 2604 815 2665 καὶ
829 2603 955 2684 ἀκούσῃ
978 2603 1117 2665 ἅπαντα.
1135 2608 1169 2669 et
1185 2602 1315 2670 Sohae-

192 2708 250 2783 fer.
276 2717 364 2804 App.
390 2717 443 2784 Or.
468 2724 501 2785 et
523 2719 627 2805 llxcg.
652 2719 697 2786 ad
719 2720 817 2785 Dom.
841 2720 868 2786 Ι.
892 2742 946 2807 pg.
971 2720 1045 2787 179.

234 2833 389 2899 Profecto
410 2832 464 2895 ἐπὶ
489 2834 616 2901 servari
639 2855 709 2899 non
736 2839 845 2921 potest
875 2856 938 2900 neo
969 2834 1161 2921 quidquam
1193 2840 1312 2918 restat,

194 2953 362 3033 quantum
384 2948 495 3031 video,
519 2949 584 3014 nisi
608 2954 645 3015 ut
665 2949 719 3012 ἐπλ
738 2948 850 3015 dolcas
869 2955 971 3036 atque
990 2947 1078 3011 ἀλλὰ
1099 2948 1244 3016 scribas,

572 3119 686 3188 VITA
709 3118 923 3188 OTHONIS.

240 3256 336 3337 cap.
361 3259 395 3325 3.

234 3372 289 3433 καλ
306 3369 427 3452 μικρὸν
447 3368 603 3451 ἔφθησαν
623 3369 874 3451 ὑπεκφυγόντες
902 3369 964 3433 ord
991 3380 1061 3435 τῶν
1080 3372 1308 3456 μισθοφόρων

195 3483 400 3564 ὠθουμένων
421 3486 469 3564 εἰς
489 3483 549 3547 τὸν
570 3483 729 3564 ἀνὸρῶνα
749 3486 804 3547 καὶ
823 3483 1096 3565 πυνθανομένων,
1111 3488 1144 3550 cl
1162 3489 1307 3571 γεγόνα-

195 3613 248 3662 σιν
269 3602 301 3662 οἱ
320 3597 495 3680 Καίσαρος
515 3597 673 3678 πολέμιοι.

238 3716 276 3781 Τ.
311 3716 356 3781 Η.
390 3715 418 3781 Ι.
451 3716 491 3780 81
523 3721 638 3780 narrat
669 3715 814 3783 Othonis
843 3716 936 3782 iussu
968 3717 1131 3785 convivas
1162 3740 1304 3806 propero

195 3829 326 3912 abiisse,
352 3830 445 3896 idom
476 3830 580 3896 tradit
601 3829 805 3896 Plutarchus
828 3831 896 3909 ἅμα
917 3828 956 3893 ὁὲ
976 3830 1056 3911 τους
1075 3831 1304 3914 κεκλημένους

196 3942 324 4024 ἄνθρας
345 3943 538 4027 ἀναστήσας
557 3942 632 4005 καθ’
661 3945 781 4027 ἑτέρας
802 3944 909 4027 θύρας
930 3946 1049 4029 ἀφῆκε.
1080 3947 1262 4026 Quantum
1287 3969 1303 4014 o

195 4059 311 4124 Tacito
335 4061 387 4141 81,
408 4060 460 4137 82,
477 4058 590 4145 colligi
606 4065 723 4146 potest,
741 4062 906 4130 convivae
922 4063 993 4128 iam
1015 4068 1206 4144 evaserant,
1227 4085 1303 4129 cum

195 4172 321 4242 milites
342 4173 380 4240 iu
402 4172 590 4241 triclinium
609 4174 786 4246 intrarent.
811 4177 942 4245 Eadem
964 4176 1170 4247 Plutarchus
1192 4177 1302 4247 dicero
