3038 5190
883 542 963 633 aa

351 730 440 818 legio
465 732 603 801 classica
623 739 656 800 et
673 734 698 799 ii
718 732 879 801 classiarii
902 741 1127 817 versarentur,
1155 735 1214 822 qui
1237 735 1277 800 in
1306 758 1471 802 numeros

355 845 497 932 legionis
514 849 690 935 compositi
709 848 789 914 iusti
812 848 937 914 milites
962 855 1067 916 erant.
1091 848 1157 915 Sed
1177 871 1257 915 oum
1278 850 1373 936 legio
1397 851 1469 937 ipsa

349 961 437 1027 nihil
462 962 611 1045 haberet,
636 963 727 1050 quod
747 963 893 1030 Galbam
913 964 1070 1051 precibus
1092 964 1210 1045 adiret,
1230 964 1318 1031 alios
1341 965 1469 1031 milites

348 1076 411 1143 sibi
430 1079 564 1166 suisque
581 1079 681 1146 rebus
697 1081 849 1146 timuisse
861 1085 1126 1146 consentaneum
1139 1085 1197 1146 est.
1207 1081 1357 1166 -Ergo
1370 1080 1467 1146 nullo

296 1242 300 1261 .
347 1189 437 1256 bello
463 1193 611 1260 instante
635 1193 796 1262 classiarii
827 1195 937 1276 veriti,
969 1216 1012 1260 ne
1044 1193 1152 1260 Galba
1176 1194 1220 1260 ad
1243 1217 1356 1262 naves
1380 1195 1468 1261 mili·

294 1264 300 1397 l
348 1306 510 1394 fiamque,
531 1330 614 1395 quas
634 1316 888 1391 consueverant,
912 1310 1108 1389 remitteret,
1137 1309 1181 1375 ad
1208 1315 1354 1396 pontem
1381 1308 1469 1375 Mul-

349 1422 445 1488 vium
473 1422 601 1489 Galbae
636 1423 773 1492 obviam
807 1425 945 1492 iverunt
975 1425 1187 1510 flagitantes·
1205 1429 1243 1489 ut
1274 1424 1467 1511 imperator

346 1537 461 1623 aquila
484 1543 517 1604 et
537 1539 641 1624 signis
664 1539 750 1606 datis
777 1540 814 1604 in
837 1518 980 1626 legionis
1000 1541 1146 1605 formam
1170 1560 1204 1604 se
1228 1545 1464 1626 componeret.

280 1626 288 1705 ἶ
345 1651 475 1730 Quibus
504 1653 662 1740 precibus
691 1661 826 1720 tantum
857 1655 942 1722 afuit
970 1660 1009 1720 ut
1041 1653 1150 1721 Galba
1180 1652 1395 1740 indulgeret,
1427 1659 1466 1719 ut

279 1722 295 1865 iz
346 1774 464 1834 contra
495 1769 624 1855 equites
647 1768 684 1833 in
707 1790 763 1834 eos
785 1769 985 1835 immitteret
1012 1769 1096 1834 etc.'’
1132 1767 1263 1834 Eadem
1292 1770 1366 1835 fere
1390 1792 1464 1856 pro-

296 1896 305 1981 t
344 1883 441 1969 ponit
463 1885 634 1950 Haalnus
664 1885 708 1950 ad
739 1880 817 1950 Pac.
842 1885 887 1950 H.
912 1885 938 1950 Ι.
963 1885 993 1950 6.
1021 1884 1217 1965 „trucidatis
1240 1889 1291 1950 tot
1319 1884 1464 1951 milibus

302 1988 308 2071 ἒ
346 1997 532 2065 inermium
555 1999 736 2065 militum.''

306 2092 310 2141 ἰ
388 2113 575 2181 Videamus
599 2114 711 2202 quoad
742 2113 916 2181 Plutarchi
947 2113 1098 2180 narratio
1122 2113 1166 2179 ad
1193 2113 1279 2180 haec
1303 2115 1457 2200 quadret.

348 2229 483 2295 Tacitus
517 2237 550 2295 et
584 2229 763 2296 Suetonius
799 2229 940 2295 tradunt
975 2227 1085 2295 Galba
1118 2230 1266 2295 Romam
1304 2229 1456 2296 intrante

346 2342 595 2410 classiariorum
628 2343 814 2410 tumultum
847 2345 975 2410 facturn
1005 2365 1086 2425 esse,
1109 2343 1313 2409 Plutarchus
1339 2351 1455 2410 contra

347 2457 418 2520 ἐπεὶ
439 2455 477 2520 ὁέ
506 2457 655 2538 προσιὼν
676 2459 795 2540 ἀπεῖχε
815 2467 875 2539 τῆς
904 2455 1037 2537 πόλεως
1057 2458 1131 2538 περὶ
1151 2458 1252 2520 πέντε
1272 2458 1328 2519 ναὶ
1354 2459 1456 2520 εῖνοσι

346 2570 511 2652 σταδίους.
544 2574 698 2639 Fortasse
732 2572 894 2639 classiarii
930 2572 1068 2654 Galbae,
1100 2594 1179 2638 cum
1210 2573 1299 2638 circa
1333 2572 1456 2658 viginti

344 2687 494 2774 quinque
517 2688 626 2754 stadia
657 2688 700 2755 ab
723 2687 808 2754 urbe
833 2687 973 2769 abesset,
1006 2686 1143 2754 obviam
1173 2687 1297 2768 ierunt,
1331 2686 1455 2752 deinde

221 2873 223 2878 .
343 2801 444 2866 simul
464 2824 542 2867 cum
570 2801 698 2868 Galbae
723 2802 873 2868 exercitu
896 2801 942 2868 ad-
964 2801 1086 2872 urbem
1109 2801 1278 2888 progressi
1301 2807 1385 2868 sunt
1406 2823 1457 2866 us-

344 2935 408 3003 que
428 2917 512 2983 adeo
533 2917 717 3000 turbantes
737 2925 775 2983 ut
795 2916 942 3004 denique
959 2918 1003 2984 ad
1025 2924 1165 3005 pontem
1185 2917 1360 2985 Mulvium
1382 2915 1456 2984 Gal·

345 3030 389 3097 ba
418 3032 545 3118 equites
568 3032 606 3097 in
629 3053 684 3097 eos
708 3032 904 3113 immiserit3
930 3032 969 3097 cf.
993 3031 1170 3099 Plutarchi
1194 3030 1312 3099 verba:
1339 3029 1456 3112 ἐθορύ-

345 3143 429 3225 βουν
450 3155 569 3226 σημεῖα
589 3153 637 3226 τῷ
658 3145 797 3226 τάγματι
819 3135 999 3226 αἰτοῦντες.
1022 3143 1168 3208 Ἐνελνον
1188 3146 1244 3231 (so.
1270 3145 1395 3234 Galba)
1420 3143 1457 3206 ὁέ

346 3260 606 3341 ὑπερτιθεμένου
628 3301 659 3309 -
685 3261 900 3342 ἠγανάκτουν
924 3262 979 3323 ναὶ
1003 3261 1214 3341 παρείποντο.
1239 3299 1272 3308 -
1295 3259 1457 3324 ἐνέλευσε

349 3376 429 3457 τοὺς
449 3361 554 3455 ἱππεῖς
574 3375 733 3467 ἐμβαλεῖν
754 3377 868 3457 αὐτοῖς
889 3374 1066 3456 ὁΓάλβας.
1091 3377 1196 3447 Porro
1217 3376 1356 3444 Tacitus
1377 3377 1457 3443 dicit

347 3494 552 3575 „inermium
564 3495 745 3576 militum'',
758 3492 973 3560 Plutarchus:
989 3490 1104 3554 Ὲνὶων
1125 3489 1164 3554 δέ
1185 3493 1239 3554 ναὶ
1259 3491 1321 3571 τὰς
1338 3493 1456 3574 μαχαί-

345 3628 408 3688 ρας
429 3609 663 3687 σπασαμένων.
691 3608 778 3674 Inde
802 3606 1076 3673 concludendum
1106 3605 1194 3671 mihi
1220 3605 1358 3673 videtur
1389 3606 1457 3694 ple·

346 3746 467 3811 rosque
490 3730 549 3790 aut
570 3724 717 3790 inermes
739 3723 840 3789 fuisse
863 3728 922 3790 aut
944 3744 979 3788 se
1001 3743 1072 3787 non
1096 3721 1295 3788 defendisse.

392 3840 552 3907 Attamen
576 3840 677 3906 cardo
702 3838 907 3927 quaestionis
928 3837 1071 3905 vertitur
1086 3837 1124 3902 in
1138 3835 1252 3904 verbis
1273 3836 1456 3920 ἐνετύγχα-

346 3973 406 4016 νεν
427 3955 569 4035 ἀκοσμία
590 3956 644 4016 ναὶ
664 3951 800 4034 θορύβῳ
829 3961 898 4015 τῶν
923 3952 1052 4032 ἐρετῶν
1074 3990 1109 4000 -
1138 3947 1255 4015 Οὗτοι
1277 3949 1320 4014 ὁέ
1341 3949 1456 4034 ἦσαν,

347 4069 416 4148 οὓς
429 4071 487 4149 εἰς
501 4069 543 4131 έν
557 4068 684 4150 τάγμα
700 4066 719 4130 ὁ
734 4066 874 4147 Νέρων
889 4065 1133 4149 συλλοχίσας
1147 4065 1324 4147 ἀπέφηνε
1344 4081 1457 4149 στρα-

347 4183 502 4262 τιώτας.
527 4183 668 4249 Disertis
690 4181 803 4250 verbis
823 4203 900 4267 ergo
918 4187 1031 4247 noster
1055 4181 1138 4246 dicit
1152 4178 1321 4266 legionem
1347 4183 1459 4250 classi-
