<?xml version="1.0" encoding="UTF-8"?>
<!DOCTYPE html PUBLIC "-//W3C//DTD XHTML 1.0 Transitional//EN"
    "http://www.w3.org/TR/xhtml1/DTD/xhtml1-transitional.dtd">
<html xmlns="http://www.w3.org/1999/xhtml" xml:lang="en" lang="en">
 <head>
  <title>
</title>
<meta http-equiv="Content-Type" content="text/html;charset=utf-8" />
  <meta name='ocr-system' content='tesseract 3.04.00' />
  <meta name='ocr-capabilities' content='ocr_page ocr_carea ocr_par ocr_line ocrx_word'/>
</head>
<body>
  <div class='ocr_page' id='page_1' title='image "./studiainplutarc00almagoog_0080.png"; bbox 0 0 3038 5190; ppageno 0'>
   <div class='ocr_carea' id='block_1_1' title="bbox 646 506 787 619">
    <p class='ocr_par' dir='ltr' id='par_1_1' title="bbox 646 506 787 619">
     <span class='ocr_line' id='line_1_1' title="bbox 646 506 787 619; baseline 0.007 -1"><span class='ocrx_word' id='word_1_1' title='bbox 646 506 787 619; x_wconf 75' lang='grc' dir='ltr'><strong>Ι51</strong></span> 
     </span>
    </p>
   </div>
   <div class='ocr_carea' id='block_1_2' title="bbox 197 743 1407 3129">
    <p class='ocr_par' dir='ltr' id='par_1_2' title="bbox 197 743 1407 2763">
     <span class='ocr_line' id='line_1_2' title="bbox 201 743 1326 831; baseline -0.002 -19"><span class='ocrx_word' id='word_1_2' title='bbox 201 745 381 812; x_wconf 75' lang='lat' dir='ltr'>Plutarchi</span> <span class='ocrx_word' id='word_1_3' title='bbox 405 744 507 809; x_wconf 92' lang='lat' dir='ltr'><strong>modo</strong></span> <span class='ocrx_word' id='word_1_4' title='bbox 531 743 634 809; x_wconf 90' lang='lat' dir='ltr'><strong>citato</strong></span> <span class='ocrx_word' id='word_1_5' title='bbox 668 749 871 830; x_wconf 89' lang='lat' dir='ltr'><strong>comparant</strong></span> <span class='ocrx_word' id='word_1_6' title='bbox 903 750 1005 831; x_wconf 88' lang='lat' dir='ltr'><strong>atque</strong></span> <span class='ocrx_word' id='word_1_7' title='bbox 1030 746 1260 811; x_wconf 89' lang='lat' dir='ltr'><strong>communiter</strong></span> <span class='ocrx_word' id='word_1_8' title='bbox 1284 768 1326 812; x_wconf 87' lang='lat' dir='ltr'><strong>ex</strong></span> 
     </span>
     <span class='ocr_line' id='line_1_3' title="bbox 202 859 1327 946; baseline -0.001 -19"><span class='ocrx_word' id='word_1_9' title='bbox 202 861 326 927; x_wconf 90' lang='lat' dir='ltr'><strong>eodem</strong></span> <span class='ocrx_word' id='word_1_10' title='bbox 349 861 443 926; x_wconf 86' lang='lat' dir='ltr'><strong>fonte</strong></span> <span class='ocrx_word' id='word_1_11' title='bbox 462 865 553 925; x_wconf 89' lang='lat' dir='ltr'><strong>ortos</strong></span> <span class='ocrx_word' id='word_1_12' title='bbox 573 880 644 924; x_wconf 86' lang='lat' dir='ltr'><strong>esse</strong></span> <span class='ocrx_word' id='word_1_13' title='bbox 664 864 799 946; x_wconf 84' lang='lat' dir='ltr'><strong>putant,</strong></span> <span class='ocrx_word' id='word_1_14' title='bbox 818 859 1091 946; x_wconf 86' lang='lat' dir='ltr'><strong>haudquaquam</strong></span> <span class='ocrx_word' id='word_1_15' title='bbox 1110 860 1162 925; x_wconf 92' lang='lat' dir='ltr'><strong>illi</strong></span> <span class='ocrx_word' id='word_1_16' title='bbox 1178 861 1327 927; x_wconf 80' lang='lat' dir='ltr'><strong>Secundi</strong></span> 
     </span>
     <span class='ocr_line' id='line_1_4' title="bbox 202 975 1328 1061; baseline -0.004 -19"><span class='ocrx_word' id='word_1_17' title='bbox 202 977 401 1043; x_wconf 86' lang='lat' dir='ltr'><strong>testimonio</strong></span> <span class='ocrx_word' id='word_1_18' title='bbox 425 981 587 1061; x_wconf 85' lang='lat' dir='ltr'><strong>cognatos</strong></span> <span class='ocrx_word' id='word_1_19' title='bbox 611 995 691 1055; x_wconf 91' lang='lat' dir='ltr'><strong>esse,</strong></span> <span class='ocrx_word' id='word_1_20' title='bbox 712 975 937 1040; x_wconf 85' lang='lat' dir='ltr'><strong>conferendos</strong></span> <span class='ocrx_word' id='word_1_21' title='bbox 965 997 1045 1041; x_wconf 90' lang='lat' dir='ltr'><strong>vero</strong></span> <span class='ocrx_word' id='word_1_22' title='bbox 1068 998 1148 1041; x_wconf 92' lang='lat' dir='ltr'><strong>cum</strong></span> <span class='ocrx_word' id='word_1_23' title='bbox 1174 976 1211 1043; x_wconf 94' lang='grc' dir='ltr'><strong>Ο.</strong></span> <span class='ocrx_word' id='word_1_24' title='bbox 1232 979 1262 1043; x_wconf 86' lang='grc'><strong>8.</strong></span> <span class='ocrx_word' id='word_1_25' title='bbox 1287 977 1328 1038; x_wconf 84' lang='grc' dir='ltr'><strong>οὐ</strong></span> 
     </span>
     <span class='ocr_line' id='line_1_5' title="bbox 199 1088 1328 1176; baseline 0.004 -24"><span class='ocrx_word' id='word_1_26' title='bbox 199 1091 271 1172; x_wconf 82' lang='grc' dir='ltr'><strong>μὴν</strong></span> <span class='ocrx_word' id='word_1_27' title='bbox 285 1089 437 1153; x_wconf 72' lang='grc' dir='ltr'><em>ἐπείθετο</em></span> <span class='ocrx_word' id='word_1_28' title='bbox 458 1091 515 1175; x_wconf 88' lang='lat' dir='ltr'><strong>(sc.</strong></span> <span class='ocrx_word' id='word_1_29' title='bbox 533 1089 638 1175; x_wconf 83' lang='lat' dir='ltr'><strong>Otho)</strong></span> <span class='ocrx_word' id='word_1_30' title='bbox 660 1088 792 1167; x_wconf 76' lang='grc' dir='ltr'><strong><em>τούτοις</em></strong></span> <span class='ocrx_word' id='word_1_31' title='bbox 814 1089 870 1175; x_wconf 89' lang='lat' dir='ltr'><strong>(sc.</strong></span> <span class='ocrx_word' id='word_1_32' title='bbox 895 1088 946 1168; x_wconf 87' lang='lat' dir='ltr'><strong>iis,</strong></span> <span class='ocrx_word' id='word_1_33' title='bbox 971 1089 1030 1176; x_wconf 89' lang='lat' dir='ltr'><strong>qui</strong></span> <span class='ocrx_word' id='word_1_34' title='bbox 1055 1111 1209 1176; x_wconf 85' lang='lat' dir='ltr'><strong>pugnam</strong></span> <span class='ocrx_word' id='word_1_35' title='bbox 1233 1091 1328 1157; x_wconf 88' lang='lat' dir='ltr'><strong>diffc-</strong></span> 
     </span>
     <span class='ocr_line' id='line_1_6' title="bbox 201 1202 1328 1289; baseline -0.004 -18"><span class='ocrx_word' id='word_1_36' title='bbox 201 1205 349 1271; x_wconf 88' lang='lat' dir='ltr'><strong>rendam</strong></span> <span class='ocrx_word' id='word_1_37' title='bbox 367 1227 438 1271; x_wconf 88' lang='lat' dir='ltr'><strong>esse</strong></span> <span class='ocrx_word' id='word_1_38' title='bbox 455 1203 665 1289; x_wconf 78' lang='lat' dir='ltr'><strong>censebant),</strong></span> <span class='ocrx_word' id='word_1_39' title='bbox 686 1202 775 1265; x_wconf 77' lang='grc' dir='ltr'><em>ἀλλὰ</em></span> <span class='ocrx_word' id='word_1_40' title='bbox 789 1203 982 1284; x_wconf 77' lang='grc' dir='ltr'><em>ἐκράτησαν</em></span> <span class='ocrx_word' id='word_1_41' title='bbox 997 1207 1029 1266; x_wconf 85' lang='grc' dir='ltr'><strong>οἱ</strong></span> <span class='ocrx_word' id='word_1_42' title='bbox 1041 1204 1126 1286; x_wconf 77' lang='grc' dir='ltr'><strong><em>πρὸς</em></strong></span> <span class='ocrx_word' id='word_1_43' title='bbox 1141 1206 1202 1286; x_wconf 78' lang='grc' dir='ltr'><strong>τὴν</strong></span> <span class='ocrx_word' id='word_1_44' title='bbox 1213 1206 1328 1289; x_wconf 80' lang='grc' dir='ltr'><em>μάχην</em></span> 
     </span>
     <span class='ocr_line' id='line_1_7' title="bbox 200 1315 1326 1412; baseline 0 -30"><span class='ocrx_word' id='word_1_45' title='bbox 200 1329 456 1401; x_wconf 74' lang='grc' dir='ltr'><em>παρορμῶντες,</em></span> <span class='ocrx_word' id='word_1_46' title='bbox 492 1320 530 1387; x_wconf 93' lang='grc' dir='ltr'><strong>Ο.</strong></span> <span class='ocrx_word' id='word_1_47' title='bbox 552 1322 603 1386; x_wconf 85' lang='lat'><strong>11.</strong></span> <span class='ocrx_word' id='word_1_48' title='bbox 628 1315 713 1400; x_wconf 67' lang='grc' dir='ltr'><strong>ἦλθε</strong></span> <span class='ocrx_word' id='word_1_49' title='bbox 727 1317 804 1398; x_wconf 81' lang='grc' dir='ltr'><strong><em>παρ’</em></strong></span> <span class='ocrx_word' id='word_1_50' title='bbox 820 1316 970 1398; x_wconf 68' lang='grc' dir='ltr'><em>Ὄθωνος</em></span> <span class='ocrx_word' id='word_1_51' title='bbox 986 1320 1102 1400; x_wconf 76' lang='grc' dir='ltr'><strong><em>ἱππεὺς</em></strong></span> <span class='ocrx_word' id='word_1_52' title='bbox 1123 1330 1192 1383; x_wconf 83' lang='grc' dir='ltr'><strong>τῶν</strong></span> <span class='ocrx_word' id='word_1_53' title='bbox 1206 1319 1326 1412; x_wconf 78' lang='grc' dir='ltr'><em>νολον-</em></span> 
     </span>
     <span class='ocr_line' id='line_1_8' title="bbox 197 1433 1327 1522; baseline 0.001 -25"><span class='ocrx_word' id='word_1_54' title='bbox 197 1436 316 1514; x_wconf 83' lang='grc' dir='ltr'><em>μένων</em></span> <span class='ocrx_word' id='word_1_55' title='bbox 345 1434 517 1515; x_wconf 85' lang='grc' dir='ltr'><em>Νομάὸων</em></span> <span class='ocrx_word' id='word_1_56' title='bbox 538 1435 722 1517; x_wconf 82' lang='grc' dir='ltr'><em>γράμματα</em></span> <span class='ocrx_word' id='word_1_57' title='bbox 750 1435 898 1514; x_wconf 70' lang='grc' dir='ltr'><em>νομίζων</em></span> <span class='ocrx_word' id='word_1_58' title='bbox 925 1433 1112 1505; x_wconf 72' lang='grc' dir='ltr'><em>κελεύοντα</em></span> <span class='ocrx_word' id='word_1_59' title='bbox 1137 1437 1184 1518; x_wconf 80' lang='grc' dir='ltr'><strong>μὴ</strong></span> <span class='ocrx_word' id='word_1_60' title='bbox 1210 1436 1327 1522; x_wconf 70' lang='grc' dir='ltr'><em>μένειν</em></span> 
     </span>
     <span class='ocr_line' id='line_1_9' title="bbox 197 1547 1325 1631; baseline 0.004 -21"><span class='ocrx_word' id='word_1_61' title='bbox 197 1548 288 1631; x_wconf 84' lang='grc' dir='ltr'><strong>μηὸὲ</strong></span> <span class='ocrx_word' id='word_1_62' title='bbox 310 1548 498 1630; x_wconf 79' lang='grc' dir='ltr'><em>ὁιοιτρίβειν,</em></span> <span class='ocrx_word' id='word_1_63' title='bbox 523 1548 598 1611; x_wconf 77' lang='grc' dir='ltr'><strong>ἀλλ’</strong></span> <span class='ocrx_word' id='word_1_64' title='bbox 622 1549 716 1629; x_wconf 82' lang='grc' dir='ltr'><em>ἄγειν</em></span> <span class='ocrx_word' id='word_1_65' title='bbox 737 1547 840 1628; x_wconf 70' lang='grc' dir='ltr'><strong><em>εὐθὺς</em></strong></span> <span class='ocrx_word' id='word_1_66' title='bbox 866 1549 918 1611; x_wconf 82' lang='grc' dir='ltr'><strong>ἐπὶ</strong></span> <span class='ocrx_word' id='word_1_67' title='bbox 942 1549 1025 1628; x_wconf 69' lang='grc' dir='ltr'><em>τοὺς</em></span> <span class='ocrx_word' id='word_1_68' title='bbox 1045 1549 1238 1630; x_wconf 70' lang='grc' dir='ltr'><em>πολεμίους.</em></span> <span class='ocrx_word' id='word_1_69' title='bbox 1258 1549 1325 1615; x_wconf 89' lang='lat' dir='ltr'><strong>Sed</strong></span> 
     </span>
     <span class='ocr_line' id='line_1_10' title="bbox 202 1665 1328 1752; baseline 0 -21"><span class='ocrx_word' id='word_1_70' title='bbox 202 1687 294 1752; x_wconf 86' lang='lat' dir='ltr'><strong>pone</strong></span> <span class='ocrx_word' id='word_1_71' title='bbox 324 1665 472 1731; x_wconf 84' lang='lat' dir='ltr'><strong>Secundi</strong></span> <span class='ocrx_word' id='word_1_72' title='bbox 496 1666 732 1731; x_wconf 89' lang='lat' dir='ltr'><strong>testimonium</strong></span> <span class='ocrx_word' id='word_1_73' title='bbox 756 1665 793 1730; x_wconf 91' lang='lat' dir='ltr'><strong>in</strong></span> <span class='ocrx_word' id='word_1_74' title='bbox 818 1665 933 1752; x_wconf 91' lang='lat' dir='ltr'><strong>aliquo</strong></span> <span class='ocrx_word' id='word_1_75' title='bbox 957 1665 1140 1731; x_wconf 84' lang='lat' dir='ltr'><strong>communi·</strong></span> <span class='ocrx_word' id='word_1_76' title='bbox 1157 1666 1252 1730; x_wconf 86' lang='lat' dir='ltr'><strong>fonte</strong></span> <span class='ocrx_word' id='word_1_77' title='bbox 1275 1686 1328 1731; x_wconf 87' lang='lat' dir='ltr'><strong>oc·</strong></span> 
     </span>
     <span class='ocr_line' id='line_1_11' title="bbox 202 1780 1326 1867; baseline -0.001 -21"><span class='ocrx_word' id='word_1_78' title='bbox 202 1781 357 1862; x_wconf 62' lang='lat' dir='ltr'><strong>currisset,</strong></span> <span class='ocrx_word' id='word_1_79' title='bbox 375 1803 491 1846; x_wconf 88' lang='lat' dir='ltr'><strong>nonne</strong></span> <span class='ocrx_word' id='word_1_80' title='bbox 508 1780 635 1845; x_wconf 89' lang='lat' dir='ltr'><strong>mirum</strong></span> <span class='ocrx_word' id='word_1_81' title='bbox 652 1787 702 1846; x_wconf 88' lang='lat' dir='ltr'><strong>est</strong></span> <span class='ocrx_word' id='word_1_82' title='bbox 715 1780 882 1861; x_wconf 82' lang='lat' dir='ltr'><strong>Tacitum,</strong></span> <span class='ocrx_word' id='word_1_83' title='bbox 896 1780 955 1867; x_wconf 90' lang='lat' dir='ltr'><strong>qui</strong></span> <span class='ocrx_word' id='word_1_84' title='bbox 973 1801 1090 1847; x_wconf 88' lang='lat' dir='ltr'><strong>causas</strong></span> <span class='ocrx_word' id='word_1_85' title='bbox 1106 1802 1146 1846; x_wconf 96' lang='lat' dir='ltr'><strong>ac</strong></span> <span class='ocrx_word' id='word_1_86' title='bbox 1158 1780 1326 1847; x_wconf 85' lang='lat' dir='ltr'><strong>rationem</strong></span> 
     </span>
     <span class='ocr_line' id='line_1_12' title="bbox 201 1894 1328 1981; baseline -0.001 -21"><span class='ocrx_word' id='word_1_87' title='bbox 201 1917 318 1960; x_wconf 85' lang='lat' dir='ltr'><strong>rerum</strong></span> <span class='ocrx_word' id='word_1_88' title='bbox 334 1894 694 1981; x_wconf 86' lang='lat' dir='ltr'><strong>pernoscere-studeat,</strong></span> <span class='ocrx_word' id='word_1_89' title='bbox 710 1894 815 1960; x_wconf 88' lang='lat' dir='ltr'><strong>talem</strong></span> <span class='ocrx_word' id='word_1_90' title='bbox 831 1916 905 1959; x_wconf 89' lang='lat' dir='ltr'><strong>rem</strong></span> <span class='ocrx_word' id='word_1_91' title='bbox 922 1894 1055 1959; x_wconf 89' lang='lat' dir='ltr'><strong>silentio</strong></span> <span class='ocrx_word' id='word_1_92' title='bbox 1074 1895 1249 1980; x_wconf 84' lang='lat' dir='ltr'><strong>premere?</strong></span> <span class='ocrx_word' id='word_1_93' title='bbox 1262 1895 1328 1961; x_wconf 89' lang='lat' dir='ltr'><strong>Ve-</strong></span> 
     </span>
     <span class='ocr_line' id='line_1_13' title="bbox 201 2009 1328 2097; baseline -0.002 -22"><span class='ocrx_word' id='word_1_94' title='bbox 201 2033 282 2075; x_wconf 90' lang='lat' dir='ltr'><strong>rum</strong></span> <span class='ocrx_word' id='word_1_95' title='bbox 306 2010 438 2095; x_wconf 84' lang='lat' dir='ltr'><strong>etiamsi</strong></span> <span class='ocrx_word' id='word_1_96' title='bbox 459 2011 545 2096; x_wconf 89' lang='lat' dir='ltr'><strong>quis,</strong></span> <span class='ocrx_word' id='word_1_97' title='bbox 572 2009 664 2097; x_wconf 92' lang='lat' dir='ltr'><strong>quod</strong></span> <span class='ocrx_word' id='word_1_98' title='bbox 688 2009 848 2096; x_wconf 90' lang='lat' dir='ltr'><strong>equidem</strong></span> <span class='ocrx_word' id='word_1_99' title='bbox 872 2010 932 2076; x_wconf 87' lang='lat' dir='ltr'><strong>vix</strong></span> <span class='ocrx_word' id='word_1_100' title='bbox 956 2009 1173 2090; x_wconf 86' lang='lat' dir='ltr'><strong>crediderim,</strong></span> <span class='ocrx_word' id='word_1_101' title='bbox 1196 2009 1328 2075; x_wconf 89' lang='lat' dir='ltr'><strong>Plutar-</strong></span> 
     </span>
     <span class='ocr_line' id='line_1_14' title="bbox 203 2124 1328 2211; baseline -0.002 -21"><span class='ocrx_word' id='word_1_102' title='bbox 203 2126 310 2191; x_wconf 92' lang='lat' dir='ltr'><strong>chum</strong></span> <span class='ocrx_word' id='word_1_103' title='bbox 333 2125 377 2190; x_wconf 88' lang='lat' dir='ltr'><strong>ab</strong></span> <span class='ocrx_word' id='word_1_104' title='bbox 402 2125 469 2190; x_wconf 90' lang='lat' dir='ltr'><strong>alio</strong></span> <span class='ocrx_word' id='word_1_105' title='bbox 494 2124 643 2190; x_wconf 83' lang='lat' dir='ltr'><strong>Secundi</strong></span> <span class='ocrx_word' id='word_1_106' title='bbox 666 2125 902 2190; x_wconf 90' lang='lat' dir='ltr'><strong>testimonium</strong></span> <span class='ocrx_word' id='word_1_107' title='bbox 926 2124 1062 2211; x_wconf 89' lang='lat' dir='ltr'><strong>petiisse</strong></span> <span class='ocrx_word' id='word_1_108' title='bbox 1085 2131 1230 2204; x_wconf 87' lang='lat' dir='ltr'><strong>censeat,</strong></span> <span class='ocrx_word' id='word_1_109' title='bbox 1248 2124 1328 2189; x_wconf 85' lang='lat' dir='ltr'><strong>Ger-</strong></span> 
     </span>
     <span class='ocr_line' id='line_1_15' title="bbox 202 2238 1328 2326; baseline -0.001 -22"><span class='ocrx_word' id='word_1_110' title='bbox 202 2239 391 2306; x_wconf 88' lang='lat' dir='ltr'><strong>steneckeri</strong></span> <span class='ocrx_word' id='word_1_111' title='bbox 416 2241 441 2326; x_wconf 86' lang='lat'><strong>1)</strong></span> <span class='ocrx_word' id='word_1_112' title='bbox 466 2240 579 2326; x_wconf 90' lang='lat' dir='ltr'><strong>potius</strong></span> <span class='ocrx_word' id='word_1_113' title='bbox 601 2238 828 2326; x_wconf 90' lang='lat' dir='ltr'><strong>amplectatur</strong></span> <span class='ocrx_word' id='word_1_114' title='bbox 851 2239 1056 2304; x_wconf 89' lang='lat' dir='ltr'><strong>sententiam</strong></span> <span class='ocrx_word' id='word_1_115' title='bbox 1081 2260 1127 2303; x_wconf 89' lang='lat' dir='ltr'><strong>sc:</strong></span> <span class='ocrx_word' id='word_1_116' title='bbox 1150 2260 1171 2303; x_wconf 92' lang='lat' dir='ltr'><strong>a</strong></span> <span class='ocrx_word' id='word_1_117' title='bbox 1190 2239 1328 2305; x_wconf 89' lang='lat' dir='ltr'><strong>Mestrio</strong></span> 
     </span>
     <span class='ocr_line' id='line_1_16' title="bbox 203 2352 1327 2439; baseline 0.001 -21"><span class='ocrx_word' id='word_1_118' title='bbox 203 2353 305 2419; x_wconf 86' lang='lat' dir='ltr'><strong>Floro</strong></span> <span class='ocrx_word' id='word_1_119' title='bbox 325 2353 550 2420; x_wconf 77' lang='lat' dir='ltr'><strong>Plutarchum</strong></span> <span class='ocrx_word' id='word_1_120' title='bbox 564 2375 603 2419; x_wconf 92' lang='lat' dir='ltr'><strong>ea</strong></span> <span class='ocrx_word' id='word_1_121' title='bbox 620 2353 776 2419; x_wconf 87' lang='lat' dir='ltr'><strong>audiisse.</strong></span> <span class='ocrx_word' id='word_1_122' title='bbox 802 2353 948 2439; x_wconf 77' lang='lat' dir='ltr'><strong>Quoquo</strong></span> <span class='ocrx_word' id='word_1_123' title='bbox 964 2352 1068 2418; x_wconf 91' lang='lat' dir='ltr'><strong>modo</strong></span> <span class='ocrx_word' id='word_1_124' title='bbox 1088 2374 1141 2418; x_wconf 89' lang='lat' dir='ltr'><strong>res</strong></span> <span class='ocrx_word' id='word_1_125' title='bbox 1161 2352 1327 2435; x_wconf 86' lang='lat' dir='ltr'><strong>sehabet,</strong></span> 
     </span>
     <span class='ocr_line' id='line_1_17' title="bbox 203 2467 1328 2549; baseline -0.001 -15"><span class='ocrx_word' id='word_1_126' title='bbox 203 2467 399 2549; x_wconf 85' lang='lat' dir='ltr'><strong>Plutarch0,</strong></span> <span class='ocrx_word' id='word_1_127' title='bbox 424 2470 554 2535; x_wconf 82' lang='lat' dir='ltr'><strong>Romae</strong></span> <span class='ocrx_word' id='word_1_128' title='bbox 575 2468 813 2548; x_wconf 87' lang='lat' dir='ltr'><strong>commoranti,</strong></span> <span class='ocrx_word' id='word_1_129' title='bbox 839 2467 1105 2549; x_wconf 86' lang='lat' dir='ltr'><strong>cumSecundo,</strong></span> <span class='ocrx_word' id='word_1_130' title='bbox 1129 2467 1328 2533; x_wconf 86' lang='lat' dir='ltr'><strong>liberalibus</strong></span> 
     </span>
     <span class='ocr_line' id='line_1_18' title="bbox 202 2581 1407 2678; baseline 0.001 -29"><span class='ocrx_word' id='word_1_131' title='bbox 202 2583 333 2678; x_wconf 88' lang='lat' dir='ltr'><strong>artibus</strong></span> <span class='ocrx_word' id='word_1_132' title='bbox 357 2582 502 2665; x_wconf 90' lang='lat' dir='ltr'><strong>imbut0,</strong></span> <span class='ocrx_word' id='word_1_133' title='bbox 526 2583 808 2649; x_wconf 90' lang='lat' dir='ltr'><strong>consuetudinem</strong></span> <span class='ocrx_word' id='word_1_134' title='bbox 829 2582 931 2647; x_wconf 87' lang='lat' dir='ltr'><strong>fuisse</strong></span> <span class='ocrx_word' id='word_1_135' title='bbox 950 2582 1051 2648; x_wconf 89' lang='lat' dir='ltr'><strong>valde</strong></span> <span class='ocrx_word' id='word_1_136' title='bbox 1076 2581 1254 2669; x_wconf 84' lang='lat' dir='ltr'><strong>probabile</strong></span> <span class='ocrx_word' id='word_1_137' title='bbox 1279 2583 1328 2650; x_wconf 90' lang='lat' dir='ltr'><strong>vi-</strong></span> <span class='ocrx_word' id='word_1_138' title='bbox 1405 2615 1407 2619; x_wconf 49' lang='lat'><strong><em>¹</em></strong></span> 
     </span>
     <span class='ocr_line' id='line_1_19' title="bbox 203 2697 1331 2763; baseline -0.001 0"><span class='ocrx_word' id='word_1_139' title='bbox 203 2697 313 2763; x_wconf 90' lang='lat' dir='ltr'><strong>detur.</strong></span> <span class='ocrx_word' id='word_1_140' title='bbox 378 2698 383 2709; x_wconf 81' lang='grc'><strong>’</strong></span> <span class='ocrx_word' id='word_1_141' title='bbox 1327 2709 1331 2716; x_wconf 89' lang='grc'><strong>’</strong></span> 
     </span>
    </p>

    <p class='ocr_par' dir='ltr' id='par_1_3' title="bbox 201 2810 1328 3129">
     <span class='ocr_line' id='line_1_20' title="bbox 249 2810 1328 2899; baseline 0 -21"><span class='ocrx_word' id='word_1_142' title='bbox 249 2813 382 2879; x_wconf 83' lang='lat' dir='ltr'><strong>Scimus</strong></span> <span class='ocrx_word' id='word_1_143' title='bbox 405 2835 483 2899; x_wconf 88' lang='lat' dir='ltr'><strong>ergo</strong></span> <span class='ocrx_word' id='word_1_144' title='bbox 507 2812 732 2880; x_wconf 75' lang='lat' dir='ltr'><strong>Plutarchum</strong></span> <span class='ocrx_word' id='word_1_145' title='bbox 756 2812 793 2876; x_wconf 92' lang='lat' dir='ltr'><strong>in</strong></span> <span class='ocrx_word' id='word_1_146' title='bbox 825 2811 926 2878; x_wconf 89' lang='lat' dir='ltr'><strong>Italia</strong></span> <span class='ocrx_word' id='word_1_147' title='bbox 955 2812 1068 2892; x_wconf 86' lang='lat' dir='ltr'><strong>fuisse,</strong></span> <span class='ocrx_word' id='word_1_148' title='bbox 1100 2810 1183 2877; x_wconf 92' lang='lat' dir='ltr'><strong>belli</strong></span> <span class='ocrx_word' id='word_1_149' title='bbox 1213 2812 1328 2878; x_wconf 93' lang='lat' dir='ltr'><strong>locum</strong></span> 
     </span>
     <span class='ocr_line' id='line_1_21' title="bbox 203 2927 1328 3015; baseline 0 -22"><span class='ocrx_word' id='word_1_150' title='bbox 203 2927 468 3015; x_wconf 83' lang='lat' dir='ltr'><strong>perambulasse,</strong></span> <span class='ocrx_word' id='word_1_151' title='bbox 508 2929 582 2994; x_wconf 89' lang='lat' dir='ltr'><strong>viro</strong></span> <span class='ocrx_word' id='word_1_152' title='bbox 621 2949 767 3013; x_wconf 85' lang='lat' dir='ltr'><strong>magnae</strong></span> <span class='ocrx_word' id='word_1_153' title='bbox 805 2927 1025 3007; x_wconf 87' lang='lat' dir='ltr'><strong>auctoritatis,</strong></span> <span class='ocrx_word' id='word_1_154' title='bbox 1042 2928 1068 3013; x_wconf 84' lang='grc'><strong>2)</strong></span> <span class='ocrx_word' id='word_1_155' title='bbox 1103 2927 1178 3013; x_wconf 89' lang='lat' dir='ltr'><strong>ipso</strong></span> <span class='ocrx_word' id='word_1_156' title='bbox 1213 2949 1328 2994; x_wconf 87' lang='lat' dir='ltr'><strong>rerum</strong></span> 
     </span>
     <span class='ocr_line' id='line_1_22' title="bbox 201 3041 1328 3129; baseline -0.001 -20"><span class='ocrx_word' id='word_1_157' title='bbox 201 3049 285 3109; x_wconf 85' lang='lat' dir='ltr'><strong>teste</strong></span> <span class='ocrx_word' id='word_1_158' title='bbox 315 3043 529 3109; x_wconf 79' lang='lat' dir='ltr'><strong>familiariter</strong></span> <span class='ocrx_word' id='word_1_159' title='bbox 559 3064 660 3107; x_wconf 91' lang='lat' dir='ltr'><strong>usum</strong></span> <span class='ocrx_word' id='word_1_160' title='bbox 692 3063 772 3122; x_wconf 86' lang='lat' dir='ltr'><strong>esse,</strong></span> <span class='ocrx_word' id='word_1_161' title='bbox 796 3041 975 3128; x_wconf 87' lang='lat' dir='ltr'><strong>colloquiis</strong></span> <span class='ocrx_word' id='word_1_162' title='bbox 998 3063 1096 3107; x_wconf 88' lang='lat' dir='ltr'><strong>casus</strong></span> <span class='ocrx_word' id='word_1_163' title='bbox 1118 3048 1328 3129; x_wconf 90' lang='lat' dir='ltr'><strong>eventusque</strong></span> 
     </span>
    </p>
   </div>
   <div class='ocr_carea' id='block_1_3' title="bbox 203 3156 1425 3243">
    <p class='ocr_par' dir='ltr' id='par_1_4' title="bbox 203 3156 1425 3243">
     <span class='ocr_line' id='line_1_23' title="bbox 203 3156 1425 3243; baseline 0 -21"><span class='ocrx_word' id='word_1_164' title='bbox 203 3159 288 3224; x_wconf 91' lang='lat' dir='ltr'><strong>anni</strong></span> <span class='ocrx_word' id='word_1_165' title='bbox 308 3159 351 3223; x_wconf 88' lang='grc'><strong>69</strong></span> <span class='ocrx_word' id='word_1_166' title='bbox 370 3164 539 3224; x_wconf 87' lang='lat' dir='ltr'><strong>tractasse.</strong></span> <span class='ocrx_word' id='word_1_167' title='bbox 561 3157 672 3237; x_wconf 86' lang='lat' dir='ltr'><strong>Adde,</strong></span> <span class='ocrx_word' id='word_1_168' title='bbox 694 3156 785 3243; x_wconf 93' lang='lat' dir='ltr'><strong>quod</strong></span> <span class='ocrx_word' id='word_1_169' title='bbox 810 3156 911 3221; x_wconf 91' lang='lat' dir='ltr'><strong>annis</strong></span> <span class='ocrx_word' id='word_1_170' title='bbox 931 3157 983 3237; x_wconf 87' lang='grc'><strong>68,</strong></span> <span class='ocrx_word' id='word_1_171' title='bbox 1004 3158 1047 3222; x_wconf 87' lang='grc'><strong>69</strong></span> <span class='ocrx_word' id='word_1_172' title='bbox 1066 3178 1194 3242; x_wconf 87' lang='lat' dir='ltr'><strong>magna</strong></span> <span class='ocrx_word' id='word_1_173' title='bbox 1213 3178 1328 3222; x_wconf 90' lang='lat' dir='ltr'><strong>rerum</strong></span> <span class='ocrx_word' id='word_1_174' title='bbox 1422 3169 1425 3175; x_wconf 84' lang='lat'>&#39;</span> 
     </span>
    </p>
   </div>
   <div class='ocr_carea' id='block_1_4' title="bbox 202 3258 1342 3588">
    <p class='ocr_par' dir='ltr' id='par_1_5' title="bbox 202 3258 1342 3588">
     <span class='ocr_line' id='line_1_24' title="bbox 203 3258 1342 3359; baseline -0.001 -21"><span class='ocrx_word' id='word_1_175' title='bbox 203 3273 380 3340; x_wconf 88' lang='lat' dir='ltr'><strong>conversio</strong></span> <span class='ocrx_word' id='word_1_176' title='bbox 414 3272 601 3359; x_wconf 89' lang='lat' dir='ltr'><strong>imperium</strong></span> <span class='ocrx_word' id='word_1_177' title='bbox 640 3272 838 3338; x_wconf 89' lang='lat' dir='ltr'><strong>Romanum</strong></span> <span class='ocrx_word' id='word_1_178' title='bbox 875 3292 984 3358; x_wconf 90' lang='lat' dir='ltr'><strong>paene</strong></span> <span class='ocrx_word' id='word_1_179' title='bbox 1019 3270 1196 3338; x_wconf 88' lang='lat' dir='ltr'><strong>subvertit.</strong></span> <span class='ocrx_word' id='word_1_180' title='bbox 1232 3258 1342 3337; x_wconf 83' lang='lat' dir='ltr'><strong>Tunc</strong></span> 
     </span>
     <span class='ocr_line' id='line_1_25' title="bbox 203 3385 1331 3474; baseline -0.001 -23"><span class='ocrx_word' id='word_1_181' title='bbox 203 3387 357 3474; x_wconf 90' lang='lat' dir='ltr'><strong>primum</strong></span> <span class='ocrx_word' id='word_1_182' title='bbox 380 3385 591 3453; x_wconf 84' lang='lat' dir='ltr'><strong>amilitibus</strong></span> <span class='ocrx_word' id='word_1_183' title='bbox 614 3386 838 3473; x_wconf 87' lang='lat' dir='ltr'><strong>imperatores</strong></span> <span class='ocrx_word' id='word_1_184' title='bbox 856 3385 936 3451; x_wconf 85' lang='lat' dir='ltr'><strong>facti</strong></span> <span class='ocrx_word' id='word_1_185' title='bbox 958 3393 1046 3466; x_wconf 89' lang='lat' dir='ltr'><strong>sunt,</strong></span> <span class='ocrx_word' id='word_1_186' title='bbox 1070 3385 1249 3471; x_wconf 85' lang='lat' dir='ltr'><strong>„evulgato</strong></span> <span class='ocrx_word' id='word_1_187' title='bbox 1268 3387 1331 3451; x_wconf 92' lang='lat' dir='ltr'><strong>im-</strong></span> 
     </span>
     <span class='ocr_line' id='line_1_26' title="bbox 202 3499 1330 3588; baseline 0 -22"><span class='ocrx_word' id='word_1_188' title='bbox 202 3502 290 3588; x_wconf 91' lang='lat' dir='ltr'><strong>perii</strong></span> <span class='ocrx_word' id='word_1_189' title='bbox 313 3523 448 3584; x_wconf 85' lang='lat' dir='ltr'><strong>arcano,</strong></span> <span class='ocrx_word' id='word_1_190' title='bbox 473 3523 570 3588; x_wconf 90' lang='lat' dir='ltr'><strong>posse</strong></span> <span class='ocrx_word' id='word_1_191' title='bbox 593 3502 789 3588; x_wconf 89' lang='lat' dir='ltr'><strong>principem</strong></span> <span class='ocrx_word' id='word_1_192' title='bbox 820 3499 904 3566; x_wconf 87' lang='lat' dir='ltr'><strong>alibi</strong></span> <span class='ocrx_word' id='word_1_193' title='bbox 936 3522 1041 3587; x_wconf 91' lang='lat' dir='ltr'><strong>quam</strong></span> <span class='ocrx_word' id='word_1_194' title='bbox 1073 3502 1204 3567; x_wconf 85' lang='lat' dir='ltr'><strong>Rornae</strong></span> <span class='ocrx_word' id='word_1_195' title='bbox 1235 3502 1330 3566; x_wconf 84' lang='lat' dir='ltr'><strong>fieri&#39;&#39;</strong></span> 
     </span>
    </p>
   </div>
   <div class='ocr_carea' id='block_1_5' title="bbox 203 3648 1329 4199">
    <p class='ocr_par' dir='ltr' id='par_1_6' title="bbox 242 3648 463 3716">
     <span class='ocr_line' id='line_1_27' title="bbox 242 3648 463 3716; baseline -0.005 -15"><span class='ocrx_word' id='word_1_196' title='bbox 242 3648 463 3716; x_wconf 78' lang='lat' dir='ltr'><strong>1)1.1.pg.5s.</strong></span> 
     </span>
    </p>

    <p class='ocr_par' dir='ltr' id='par_1_7' title="bbox 203 3743 1329 4199">
     <span class='ocr_line' id='line_1_28' title="bbox 239 3743 1328 3813; baseline 0 -17"><span class='ocrx_word' id='word_1_197' title='bbox 239 3744 267 3809; x_wconf 72' lang='lat'><strong>2)</strong></span> <span class='ocrx_word' id='word_1_198' title='bbox 285 3745 410 3797; x_wconf 84' lang='lat' dir='ltr'><strong>Mestrius</strong></span> <span class='ocrx_word' id='word_1_199' title='bbox 428 3747 529 3798; x_wconf 87' lang='lat' dir='ltr'><strong>Florus.</strong></span> <span class='ocrx_word' id='word_1_200' title='bbox 549 3746 581 3798; x_wconf 91' lang='grc'><strong>0.</strong></span> <span class='ocrx_word' id='word_1_201' title='bbox 603 3747 643 3798; x_wconf 84' lang='grc'><strong>14.</strong></span> <span class='ocrx_word' id='word_1_202' title='bbox 668 3745 733 3813; x_wconf 84' lang='grc' dir='ltr'><em>ἀνὴρ</em></span> <span class='ocrx_word' id='word_1_203' title='bbox 760 3743 885 3802; x_wconf 76' lang='grc' dir='ltr'><strong><em>ὑπατικὸς</em></strong></span> <span class='ocrx_word' id='word_1_204' title='bbox 907 3750 960 3796; x_wconf 83' lang='grc' dir='ltr'><strong>τῶν</strong></span> <span class='ocrx_word' id='word_1_205' title='bbox 983 3745 1039 3796; x_wconf 83' lang='grc' dir='ltr'><em>τότε</em></span> <span class='ocrx_word' id='word_1_206' title='bbox 1061 3743 1098 3812; x_wconf 83' lang='grc' dir='ltr'><strong>μὴ</strong></span> <span class='ocrx_word' id='word_1_207' title='bbox 1122 3743 1190 3797; x_wconf 84' lang='grc' dir='ltr'><em>κατὰ</em></span> <span class='ocrx_word' id='word_1_208' title='bbox 1212 3743 1328 3812; x_wconf 81' lang='grc' dir='ltr'><em>γνώμην,</em></span> 
     </span>
     <span class='ocr_line' id='line_1_29' title="bbox 203 3840 1329 3910; baseline 0.001 -17"><span class='ocrx_word' id='word_1_209' title='bbox 203 3840 260 3893; x_wconf 77' lang='grc' dir='ltr'><strong>ἀλλ’</strong></span> <span class='ocrx_word' id='word_1_210' title='bbox 279 3840 379 3910; x_wconf 76' lang='grc' dir='ltr'><em>ἀνάγκη</em></span> <span class='ocrx_word' id='word_1_211' title='bbox 397 3841 462 3908; x_wconf 80' lang='grc' dir='ltr'><em>μετὰ</em></span> <span class='ocrx_word' id='word_1_212' title='bbox 480 3849 525 3895; x_wconf 84' lang='grc' dir='ltr'><strong>τοῦ</strong></span> <span class='ocrx_word' id='word_1_213' title='bbox 543 3842 667 3900; x_wconf 75' lang='grc' dir='ltr'><em>Ὄθωνος</em></span> <span class='ocrx_word' id='word_1_214' title='bbox 686 3841 840 3910; x_wconf 77' lang='grc' dir='ltr'><em>γενομένων.</em></span> <span class='ocrx_word' id='word_1_215' title='bbox 861 3841 1023 3909; x_wconf 86' lang='lat' dir='ltr'><strong>Vespasiano</strong></span> <span class='ocrx_word' id='word_1_216' title='bbox 1041 3841 1186 3893; x_wconf 85' lang='lat' dir='ltr'><strong>familiaris.</strong></span> <span class='ocrx_word' id='word_1_217' title='bbox 1206 3842 1236 3893; x_wconf 85' lang='lat' dir='ltr'><strong>cf.</strong></span> <span class='ocrx_word' id='word_1_218' title='bbox 1257 3841 1329 3894; x_wconf 86' lang='lat' dir='ltr'><strong>Suet.</strong></span> 
     </span>
     <span class='ocr_line' id='line_1_30' title="bbox 203 3938 1329 4007; baseline 0.001 -16"><span class='ocrx_word' id='word_1_219' title='bbox 203 3940 284 4007; x_wconf 85' lang='lat' dir='ltr'><strong>Vesp.</strong></span> <span class='ocrx_word' id='word_1_220' title='bbox 303 3938 337 3991; x_wconf 83' lang='lat'><strong>22</strong></span> <span class='ocrx_word' id='word_1_221' title='bbox 347 3957 353 3990; x_wconf 73' lang='grc' dir='ltr'><strong><em>ε</em></strong></span> <span class='ocrx_word' id='word_1_222' title='bbox 363 3940 528 4004; x_wconf 62' lang='grc' dir='ltr'><strong>·,,Μοονῑὶοιη</strong></span> <span class='ocrx_word' id='word_1_223' title='bbox 541 3941 649 3992; x_wconf 84' lang='lat' dir='ltr'><strong>Florum</strong></span> <span class='ocrx_word' id='word_1_224' title='bbox 663 3940 825 3992; x_wconf 87' lang='lat' dir='ltr'><strong>consularem</strong></span> <span class='ocrx_word' id='word_1_225' title='bbox 841 3938 988 3990; x_wconf 84' lang='lat' dir='ltr'><strong>admonitus</strong></span> <span class='ocrx_word' id='word_1_226' title='bbox 1005 3939 1038 3990; x_wconf 92' lang='lat' dir='ltr'><strong>ab</strong></span> <span class='ocrx_word' id='word_1_227' title='bbox 1056 3956 1095 4002; x_wconf 85' lang='lat' dir='ltr'><strong>eo,</strong></span> <span class='ocrx_word' id='word_1_228' title='bbox 1115 3940 1231 4005; x_wconf 87' lang='lat' dir='ltr'><strong>plaustra</strong></span> <span class='ocrx_word' id='word_1_229' title='bbox 1242 3941 1329 4006; x_wconf 87' lang='lat' dir='ltr'><strong>potius</strong></span> 
     </span>
     <span class='ocr_line' id='line_1_31' title="bbox 203 4035 1328 4105; baseline -0.003 -16"><span class='ocrx_word' id='word_1_230' title='bbox 203 4054 282 4104; x_wconf 87' lang='lat' dir='ltr'><strong>quam</strong></span> <span class='ocrx_word' id='word_1_231' title='bbox 301 4037 398 4104; x_wconf 83' lang='lat' dir='ltr'><strong>plostra</strong></span> <span class='ocrx_word' id='word_1_232' title='bbox 415 4037 532 4103; x_wconf 86' lang='lat' dir='ltr'><strong>dicenda,</strong></span> <span class='ocrx_word' id='word_1_233' title='bbox 551 4046 654 4105; x_wconf 87' lang='lat' dir='ltr'><strong>postero</strong></span> <span class='ocrx_word' id='word_1_234' title='bbox 671 4038 714 4089; x_wconf 90' lang='lat' dir='ltr'><strong>die</strong></span> <span class='ocrx_word' id='word_1_235' title='bbox 732 4038 858 4088; x_wconf 88' lang='lat' dir='ltr'><strong>Flaurum</strong></span> <span class='ocrx_word' id='word_1_236' title='bbox 877 4036 1025 4103; x_wconf 78' lang='lat' dir='ltr'><strong>salutavit.’&#39;</strong></span> <span class='ocrx_word' id='word_1_237' title='bbox 1045 4035 1084 4087; x_wconf 77' lang='lat' dir='ltr'><strong>Of.</strong></span> <span class='ocrx_word' id='word_1_238' title='bbox 1099 4037 1240 4087; x_wconf 71' lang='lat' dir='ltr'><strong>Anonrfls</strong></span> <span class='ocrx_word' id='word_1_239' title='bbox 1255 4036 1328 4087; x_wconf 78' lang='lat' dir='ltr'><strong>Orra-</strong></span> 
     </span>
     <span class='ocr_line' id='line_1_32' title="bbox 203 4132 1328 4199; baseline -0.001 -13"><span class='ocrx_word' id='word_1_240' title='bbox 203 4133 342 4186; x_wconf 69' lang='lat' dir='ltr'><strong>Nsvriinu.</strong></span> <span class='ocrx_word' id='word_1_241' title='bbox 367 4133 408 4186; x_wconf 91' lang='lat' dir='ltr'><strong>De</strong></span> <span class='ocrx_word' id='word_1_242' title='bbox 435 4134 568 4186; x_wconf 89' lang='lat' dir='ltr'><strong>Plutarchi</strong></span> <span class='ocrx_word' id='word_1_243' title='bbox 591 4134 769 4185; x_wconf 84' lang='lat' dir='ltr'><strong>familiaribus.</strong></span> <span class='ocrx_word' id='word_1_244' title='bbox 789 4133 859 4185; x_wconf 83' lang='lat' dir='ltr'><strong>Dias.</strong></span> <span class='ocrx_word' id='word_1_245' title='bbox 883 4133 965 4184; x_wconf 89' lang='lat' dir='ltr'><strong>Paris.</strong></span> <span class='ocrx_word' id='word_1_246' title='bbox 987 4132 1064 4186; x_wconf 84' lang='lat'><strong>1886.</strong></span> <span class='ocrx_word' id='word_1_247' title='bbox 1084 4150 1142 4199; x_wconf 84' lang='lat' dir='ltr'><strong>pgg.</strong></span> <span class='ocrx_word' id='word_1_248' title='bbox 1162 4133 1276 4187; x_wconf 82' lang='lat'><strong>49-51.</strong></span> <span class='ocrx_word' id='word_1_249' title='bbox 1296 4133 1328 4185; x_wconf 89' lang='lat' dir='ltr'><strong>ds</strong></span> 
     </span>
    </p>
   </div>
   <div class='ocr_carea' id='block_1_6' title="bbox 204 4230 1193 4378">
    <p class='ocr_par' dir='ltr' id='par_1_8' title="bbox 204 4230 1193 4378">
     <span class='ocr_line' id='line_1_33' title="bbox 204 4230 725 4297; baseline -0.004 -15"><span class='ocrx_word' id='word_1_250' title='bbox 204 4230 339 4282; x_wconf 89' lang='lat' dir='ltr'><strong>Plutarchi</strong></span> <span class='ocrx_word' id='word_1_251' title='bbox 353 4230 488 4283; x_wconf 90' lang='lat' dir='ltr'><strong>itineribus</strong></span> <span class='ocrx_word' id='word_1_252' title='bbox 507 4232 619 4282; x_wconf 87' lang='lat' dir='ltr'><strong>Romam</strong></span> <span class='ocrx_word' id='word_1_253' title='bbox 639 4249 680 4297; x_wconf 86' lang='lat' dir='ltr'><strong>pg.</strong></span> <span class='ocrx_word' id='word_1_254' title='bbox 701 4231 725 4282; x_wconf 85' lang='lat'><strong>9.</strong></span> 
     </span>
     <span class='ocr_line' id='line_1_34' title="bbox 694 4315 1193 4378; baseline 0 -51"><span class='ocrx_word' id='word_1_255' title='bbox 694 4322 695 4327; x_wconf 75' lang='grc'>,</span> <span class='ocrx_word' id='word_1_256' title='bbox 1153 4315 1193 4378; x_wconf 60' lang='lat'><strong>4*</strong></span> 
     </span>
    </p>
   </div>
   <div class='ocr_carea' id='block_1_7' title="bbox 0 0 1527 5190">
    <p class='ocr_par' dir='ltr' id='par_1_9' title="bbox 0 0 1527 5190">
     <span class='ocr_line' id='line_1_35' title="bbox 0 0 1527 5190; baseline 0 0"><span class='ocrx_word' id='word_1_257' title='bbox 0 0 1527 5190; x_wconf 95' lang='lat' dir='ltr'><strong> </strong></span> 
     </span>
    </p>
   </div>
  </div>
 </body>
</html>
