3038 5190
711 580 715 587 ·
729 537 793 604 107

210 738 247 799 ut
268 731 436 818 glossema
459 731 585 799 delevit
616 727 918 811 προσποιήσασθαι,
950 728 1096 813 iungens
1120 725 1321 809 ἐπαμπέχειν

209 845 271 926 τὰς
291 844 512 928 λειτουργίας.
534 844 705 932 Equidem
728 848 812 931 puto
835 847 912 930 post
930 840 1217 926 προσποιήσασθαι
1233 842 1321 907 exci-

208 961 298 1028 disse
319 980 363 1024 τε
383 967 484 1049 atque
500 983 562 1049 pro
578 957 797 1040 ἀπαξιοῦντες
818 955 1023 1038 ἀπαξιοῦν
1039 957 1223 1043 legendum
1239 979 1319 1024 esse.

253 1076 356 1157 Quali
380 1075 585 1143 correctione
612 1074 670 1140 hic
692 1073 843 1139 nascitur
873 1092 1006 1138 sensus:
1030 1071 1197 1158 Superbia
1219 1072 1321 1138 foetu·

207 1212 275 1279 que
298 1191 478 1257 mollitiem
497 1196 608 1277 tegere
630 1188 793 1257 volebant
819 1193 853 1254 et
875 1186 1034 1253 simulare
1058 1208 1102 1269 se,
1129 1193 1168 1253 ut
1190 1186 1251 1252 tali
1274 1187 1320 1253 le·

205 1303 289 1372 bore
311 1298 480 1394 indigum,
504 1327 575 1372 non
605 1311 644 1371 ut
666 1303 709 1371 ad
732 1303 912 1370 ferendum
934 1302 1092 1389 impareu
1116 1302 1235 1368 munia
1258 1303 1321 1368 mi·

204 1420 320 1488 libaria
342 1421 530 1508 dedignari.
618 1447 619 1450 ¹

246 1581 278 1646 Ὁ
300 1581 339 1646 ὁὲ
359 1581 545 1665 Σπουρίνας
564 1580 852 1664 προσβιαζόμενος
880 1581 1004 1661 αὐτούς
1028 1578 1244 1644 ἐιιινὸιίνευσε
1261 1591 1318 1660 μι-·

203 1697 309 1779 ιιρόν
328 1696 495 1778 ἐλθόντας
514 1695 648 1760 ἀνελεῖν
669 1695 782 1760 αὐτόν.
1206 1764 1214 1778 ,

251 1820 428 1887 Assentior
457 1821 688 1888 Herwerdeno
716 1817 890 1908 supplenti
907 1809 1230 1918 <παρα>μιιιρόν
1256 1818 1318 1901 „In
1359 1806 1362 1811 ’

204 1943 362 2031 vulgus''‚
384 1945 508 2032 inquit,
533 1951 653 2027 „notae
677 1949 758 2010 sunt
779 1943 945 2010 formulae
974 1942 1051 2026 παρ’
1079 1942 1207 2025 ὀλίγον,
1228 1940 1317 2022 παρὰ
1366 1967 1368 1969 ·

202 2056 335 2139 μιαρόν,
350 2056 426 2138 παρ’
443 2056 544 2121 οὐὸἐν
567 2056 698 2140 (μηθὲν)
720 2056 843 2132 ἐλθεῖν,
865 2064 1025 2146 sequente
1039 2057 1228 2126 infinitivo:
1246 2078 1317 2123 non

205 2171 357 2238 multum
379 2174 465 2240 afuit
487 2173 572 2261 quin
595 2174 693 2240 octt.''

251 2355 348 2437 cap.
371 2360 408 2425 9.

249 2477 335 2566 Τοῖς
347 2480 591 2562 στρατεύμασιν
611 2480 816 2562 ἀμφοτέρας
842 2481 1046 2562 παρίσταντο
1068 2480 1167 2562 ὁρμαί
1186 2478 1315 2554 πολλοί,

206 2593 236 2655 ὡ
242 2613 265 2674 ς
285 2595 334 2675 είς
354 2593 456 2657 ταύτὸ
477 2594 662 2659 συνελθεῖν.
978 2682 981 2687 ¹

250 2708 328 2775 Iure
346 2709 467 2777 Corace
486 2717 519 2777 et
538 2711 697 2778 Schaefer
717 2713 765 2794 ὡς
786 2713 952 2780 delerunt.
972 2713 1059 2778 Puto
1081 2710 1129 2791 ὡς
1154 2710 1315 2796 dittogra-

202 2823 330 2910 phema
352 2825 510 2894 vocabuli
530 2827 579 2906 είς
599 2849 679 2911 esse.

244 2995 306 3076 τὴν
327 2994 515 3078 σύγκλητον
536 2997 640 3077 ὁμοῦ
660 2997 873 3079 καθίσαντας.

245 3101 328 3181 ὁμοῦ
351 3110 544 3191 suspectum
567 3106 687 3173 habeo.
713 3106 878 3173 Sollemni
897 3107 990 3172 enim
1006 3126 1070 3172 usu
1093 3126 1314 3172 convocare

202 3217 382 3305 (senatum,
403 3220 491 3307 eim.)
508 3220 632 3287 dicitur
650 3220 807 3301 ιιαθίζειν.
832 3221 940 3288 Credo
962 3243 1024 3308 pro
1040 3219 1124 3299 ὁμοῦ
1148 3221 1316 3306 corrigen-

202 3332 288 3398 dum
310 3355 380 3400 esse
403 3333 526 3415 νόμῳ,
549 3337 692 3423 repetita
715 3337 948 3423 praecedentis
973 3335 1131 3404 vocabuli
1161 3341 1314 3402 extrema

200 3447 323 3514 littera.

249 3617 345 3700 cup.
369 3621 429 3688 10.

249 3741 378 3812 πνεῦμα
413 3736 605 3816 προσπεσὸν
639 3737 739 3818 ἄφνω
779 3739 840 3821 τὴν
880 3737 1199 3819 παρεσκευασμένην
1228 3736 1313 3820 ὕλην

201 3847 268 3910 ἐπί
288 3849 387 3930 τοὺς
407 3849 639 3932 πολεμίους
659 3851 853 3934 ἐξερρίπιζε.

245 3963 348 4030 Recte
367 3966 485 4032 Leuius
504 3966 525 4032 l.
546 3967 568 4034 l.
586 3990 641 4054 pg.
659 3969 723 4034 132
743 3968 884 4034 adnotat
902 3969 1095 4037 versionem
1113 3969 1310 4050 „materiem

199 4077 237 4142 in
248 4076 362 4145 hostes
372 4075 824 4168 praeparabam''verborum
836 4083 1180 4150 collocationevetari.
1190 4084 1311 4151 Trans-

200 4194 399 4280 ponendum
419 4218 498 4284 ergo
520 4198 573 4260 ἐπί
593 4197 672 4281 τούς
692 4196 870 4278 πολεμίους
890 4204 969 4264 ante
992 4198 1310 4280 παρεσκευασμένην
