3038 5190
744 545 786 611 47

202 737 259 804 fvel
283 737 415 803 senatui
439 736 674 823 permitterent
689 735 799 821 legere
815 736 1057 822 imperatorem
1074 788 1198 802 .....
1219 735 1318 823 (quae
1351 755 1352 758 ’

202 858 392 939 sequuntur
407 852 573 918 nimirum
595 851 773 938 proprium
796 851 904 918 Taciti
926 851 1093 918 iudicium
1116 851 1315 939 continent.)

205 989 296 1053 ,ego
320 973 363 1033 ut
385 967 649 1034 concesserim
672 967 766 1053 apud
788 989 914 1054 paucos
938 1018 1034 1033 .....
1058 965 1190 1033 bonum
1213 972 1246 1032 et
1268 968 1319 1032 in-

202 1088 386 1149 nocentem
408 1083 601 1169 principem
630 1103 692 1168 pro
723 1082 879 1169 pessimis
906 1104 946 1148 ac
969 1082 1239 1168 flagitiosissimis
1263 1105 1319 1149 ex-

202 1199 351 1286 petitum
381 1198 465 1264 eto.''
488 1197 577 1264 Plut.
603 1197 641 1264 O.
667 1199 697 1263 9.
721 1198 850 1288 ἑτέρων
873 1195 912 1259 dd
939 1195 979 1280 ἦν
1006 1197 1150 1272 ἀκούειν,
1179 1197 1229 1260 ὅτι
1248 1207 1318 1277 τοϊς

203 1313 451 1394 στρατεύμασιν
466 1313 676 1395 ’ἀμφοτέροις
699 1313 904 1392 παρίσταντο
926 1311 1024 1392 ὁρμαὶ
1047 1310 1176 1386 πολλαί,
1198 1313 1246 1392 ὡς
1269 1314 1318 1391 εἰς

203 1427 308 1490 ταύτὸ
332 1426 517 1490 συνελθεῖν·
533 1430 596 1490 καὶ
615 1426 762 1505 μάλιστα
782 1427 847 1506 μὲν
870 1427 993 1507 αὐτοὺς
1014 1426 1318 1510 ὁμοφρονήσαντας

202 1543 245 1605 ἐκ
265 1551 335 1606 τῶν
349 1542 528 1624 παρόντων
545 1543 753 1623 ἡγεμονικῶν
770 1540 907 1604 ἑλέσθαι
921 1541 982 1605 τὸν
1000 1542 1147 1623 ἄριστον,
1167 1544 1198 1605 εἰ
1211 1541 1316 1627 ὁὲμή,

203 1658 266 1739 τὴν
281 1656 473 1739 σύγκλητον
494 1657 578 1735 ὁμοῦ
599 1656 803 1737 καθίσαντας
824 1639 955 1739 ἐφεῖναι
976 1657 1037 1737 τὴν
1058 1660 1186 1738 αἵρεσιν
1206 1657 1318 1738 ἐκείνῃ

203 1780 265 1836 του
292 1773 552 1854 αὐτοκράτορος.
581 1770 651 1833 Καὶ
679 1772 740 1834 οὐκ
767 1772 901 1852 ἀπεικός
931 1772 1002 1834 ἐστι
1029 1770 1219 1854 μηδετέρου
1239 1771 1318 1835 τότε

202 1896 274 1950 τῶν
300 1888 649 1970 προσαγορευομένων
677 1886 938 1967 αὐτοκρατόρων
966 1885 1225 1968 εὐδοκιμοῦντος
1252 1888 1317 1949 ἐπι-

201 2003 330 2066 πίπτειν
354 2003 527 2083 τοιούτους
544 2001 799 2085 ’ὁιαλογισμοθς
821 2002 939 2082 [τοϊς*]
960 2003 1111 2083 γνησίως
1131 2005 1186 2065 καὶ
1207 2001 1317 2065 ὁιαπό-

202 2138 274 2198 νοις
292 2121 347 2180 καὶ
361 2126 578 2200 σωφρονοῦσι
598 2125 668 2179 τῶν
690 2125 915 2197 στρατιωτῶν,
939 2118 987 2198 ὡς
1005 2116 1164 2198 ἔχθιστον
1187 2118 1250 2198 εἰη.
1263 2119 1318 2178 καὶ

202 2231 325 2308 ὁεινόν,
346 2235 368 2294 ἃ
388 2231 489 2302 πάλαι
508 2231 562 2294 ὁιὰ
585 2208 718 2294 Σύλλαν
739 2233 794 2293 καὶ
818 2230 964 2313 Μάριον,
988 2229 1060 2294 εἶτα
1084 2231 1241 2313 Καίσαρα
1261 2234 1316 2294 καὶ

201 2346 377 2431 Πομπήιον
393 2348 595 2430 ᾠκτείροντο
615 2352 676 2413 etc.
690 2347 827 2412 Tacitus
839 2348 884 2413 ΙΙ.
904 2349 956 2413 38.
973 2347 1057 2412 item
1070 2348 1230 2443 Marium,
1243 2347 1317 2414 Sul-

200 2462 282 2545 lam,
310 2464 515 2551 Pompeium
548 2462 706 2550 exempla
737 2460 891 2529 civilium
925 2461 1095 2528 bellorum
1130 2469 1313 2552 memorat3

200 2577 326 2644 deinde
357 2578 454 2644 addit
478 2578 556 2660 ,sed
580 2599 635 2643 me
658 2567 812 2644 veterum
842 2598 1079 2664 novorumque
1107 2599 1243 2643 morum
1266 2600 1316 2644 re·

199 2692 333 2778 putatio
360 2691 496 2778 longius
514 2691 614 2783 tuht:
639 2713 732 2756 nunc
755 2690 799 2757 ad
822 2687 938 2756 rerum
961 2690 1118 2757 ordinem
1141 2691 1275 2757 redeo.'’

245 2807 412 2875 Videmus
430 2806 606 2874 Plutarchi
625 2828 665 2872 ac
682 2806 791 2872 Taciti
810 2805 916 2873 verba
936 2812 1080 2892 cognata
1100 2827 1180 2888 esse,
1201 2812 1314 2894 atque,

199 2944 279 2988 cum
303 2922 379 2988 luce
403 2921 526 3007 clarius
548 2921 605 2986 hic
627 2920 670 2986 de
698 2943 758 2986 suo
789 2921 926 2987 Tacitus
956 2943 1137 2988 excursum
1168 2922 1316 2987 inserue-

198 3038 255 3120 rit,
274 3036 371 3103 nullo
390 3037 493 3103 modo
512 3036 586 3102 fieri
605 3057 702 3122 posse
722 3035 806 3122 quin
829 3035 1034 3104 Plutarchus
1058 3037 1215 3103 Tacitum
1238 3021 1315 3103 auc·

198 3159 307 3219 torem
331 3152 498 3219 habuerit.
523 3151 685 3218 Attamen
705 3172 775 3216 uon
797 3172 935 3238 prorsus
954 3174 1033 3218 cum
1049 3153 1166 3219 Tacito
1182 3151 1314 3218 Plutar-

201 3268 286 3334 chus
304 3267 392 3334 fecit.
416 3268 505 3333 Nam
525 3266 633 3332 Taciti
651 3264 757 3333 verba
778 3287 859 3351 ,ego
883 3273 922 3332 ut
943 3267 1187 3333 concesserim”
1212 3267 1314 3353 signi-

199 3382 305 3449 ficant
336 3404 415 3448 eum
444 3403 569 3468 parum
599 3379 805 3467 quibusdam
829 3380 1023 3447 auctoribus
1046 3381 1211 3463 assentiri,
1235 3381 1314 3446 Plu-

199 3497 312 3564 tarchi
328 3519 410 3565 vero
429 3496 577 3562 formula
596 3496 650 3556 καὶ
671 3495 732 3556 οὐκ
756 3494 891 3586 ἀπεικός
911 3495 982 3559 ἐστι
1004 3497 1153 3564 declarat
1172 3496 1312 3563 eumad

200 3610 421 3700 quorundam
438 3616 616 3679 auctorum
635 3611 867 3678 narrationem
882 3610 1098 3698 probandam
1117 3611 1218 3679 valde
1237 3633 1313 3698 pro-

199 3750 287 3794 num
309 3749 389 3794 esse.
1149 3705 1151 3709 i
1265 3799 1270 3809 ,

245 3841 351 3908 Aliud
370 3841 511 3927 insuper
530 3840 728 3928 exemplum
739 3841 858 3909 inveni
870 3842 908 3908 T.
922 3843 967 3908 H.
981 3843 1026 3909 Π.
1040 3842 1083 3908 50
1096 3841 1150 3928 (de
1164 3841 1311 3928 Othone)

203 3956 357 4040 ,duobus
378 3956 595 4038 facinoribus
620 3956 725 4022 altero
748 3958 1020 4044 flagitiosissimo,
1037 3957 1147 4040 ,altero
1168 3958 1311 4044 egregio

200 4071 406 4139 tantundem
429 4070 522 4158 apud
552 4078 703 4158 posteros
729 4072 855 4138 meruit
876 4071 986 4139 bonae
1008 4074 1118 4139 famae
1142 4078 1311 4159 quantum

201 4187 344 4252 malae.''
364 4186 441 4251 Duo
456 4184 516 4252 illa
534 4187 686 4253 facinora
702 4192 853 4273 spectare
870 4188 913 4253 ad
931 4186 1060 4254 Galbae
1076 4208 1194 4253 necem
1208 4187 1313 4252 Otho-
