3038 5190
731 551 774 615 36

197 745 224 810 Ι.
248 745 301 809 49.
324 743 481 829 ignotum
505 743 602 809 illum
627 742 772 828 Argium
802 747 939 808 tantum
962 741 1121 808 Galbam
1157 743 1331 831 sepultura

197 859 386 925 contexisse
410 863 535 924 narrat.
559 858 585 944 1)
609 856 648 925 Ο.
680 859 710 922 3.
734 855 777 923 de
801 856 1048 943 diplomatibus
1072 858 1237 924 Neronis
1260 879 1331 944 cog·

197 973 337 1040 nomine
361 973 566 1060 perscriptis,
590 993 736 1060 quorum
759 971 837 1038 Tac.
861 971 906 1037 H.
931 972 957 1037 Ι.
990 971 1042 1038 78.
1075 972 1227 1040 nullam
1255 973 1331 1040 fac't

197 1088 418 1154 mentionem.
443 1088 493 1154 De
516 1087 582 1153 hac
604 1109 640 1153 re
662 1086 732 1153 iam
755 1108 858 1173 supra
881 1086 950 1173 egi3
974 1085 1056 1154 vide
1081 1109 1171 1174 pgg.
1199 1090 1232 1170 6,
1255 1089 1288 1156 .7.

242 1203 277 1268 Si
300 1203 505 1269 Plutarchus
528 1208 643 1268 autem
662 1202 815 1288 primum
830 1201 897 1268 alio
919 1201 1022 1283 fonte,
1047 1201 1188 1270 deinde
1213 1204 1329 1271 Tacito

197 1339 279 1384 usus
303 1324 361 1400 est,
385 1339 470 1404 opus
493 1316 646 1385 velutin
670 1317 755 1382 duas
781 1320 895 1403 partes
917 1315 1025 1398 cadat,
1050 1337 1216 1404 quarum
1239 1338 1330 1384 com·

196 1433 319 1520 positio
343 1433 488 1514 differat,
511 1452 645 1497 neccsse
668 1436 726 1497 est.
745 1429 858 1517 Atque
874 1429 973 1496 nobis
988 1430 1095 1496 talem
1120 1431 1164 1497 in
1192 1454 1331 1519 compo·

195 1547 315 1612 sitione
347 1546 576 1612 differentiam
604 1546 707 1632 plane
737 1550 870 1611 exstare
899 1544 1044 1613 videtur.
1079 1545 1207 1624 Quare
1236 1547 1329 1614 enim

195 1661 398 1728 Plutarchus
421 1682 573 1728 seorsum
597 1660 725 1728 Galbae
742 1661 891 1747 priorem
908 1660 1015 1728 vitam
1038 1663 1258 1729 summatim
1276 1662 1328 1750 (G.

195 1778 228 1861 3)
252 1776 422 1858 describit,
446 1799 525 1843 cum
548 1776 639 1843 Otho
662 1776 698 1841 in
722 1775 927 1842 narrationis
950 1781 1066 1841 tenore
1082 1775 1329 1845 introducitur

194 1898 296 1979 atque
318 1893 353 1958 id
378 1892 497 1958 eodem
521 1913 588 1978 quo
611 1891 705 1979 apud
727 1891 885 1957 Tacitum
907 1889 1033 1957 modo?

236 2008 271 2070 G.
296 2011 341 2069 19.
366 2015 487 2068 Τοιαῦτα
511 2010 545 2067 δὲ
573 2013 660 2082 ἕτερα
687 2014 735 2066 καί
815 2008 849 2067 Τ.
870 2007 908 2067 Η.
928 2007 952 2066 Ι.
968 2006 1014 2066 12.
1034 2006 1164 2080 „Paucis
1181 2014 1257 2086 post
1271 2011 1329 2069 Ka·

195 2129 257 2175 των
271 2121 327 2175 ὑπὸ
344 2121 503 2192 Τιγελλίνῳ
529 2114 552 2189 ¹)
582 2120 735 2190 ταγμάτων
774 2114 875 2174 landas
889 2114 1042 2173 Ianuarias
1061 2113 1174 2174 diebus
1199 2115 1329 2193 Pompei

196 2226 375 2298 ὑβριζόντων
411 2227 553 2295 πολλάκις
585 2225 732 2292 ἐπέμπετο
771 2219 936 2298 Propinqui
956 2219 1166 2296 procuratoris
1189 2241 1207 2280 e
1227 2223 1329 2301 Belgi-

193 2335 348 2405 γράμματα
377 2342 416 2402 τῷ
445 2334 546 2405 Γάλβα
568 2333 647 2401 παρὰ
676 2339 734 2384 τῶν
774 2345 808 2386 ca
821 2326 926 2386 literae
940 2326 1128 2399 adferuntur,
1147 2325 1329 2405 Superioris

193 2439 367 2510 ἐπιτρόπων·
774 2430 948 2491 Germaniae
961 2431 1091 2509 legiones
1105 2437 1207 2508 rupta
1229 2454 1329 2496 sacra·

772 2539 864 2599 menti
898 2537 1064 2600 reverentia
1099 2537 1327 2615 imperatorem

772 2644 864 2703 alium
884 2643 1039 2722 flagitare”
1062 2689 1069 2703 .
1092 2688 1100 2703 .
1124 2689 1130 2704 .
1154 2689 1163 2704 .
1191 2693 1199 2706 .

236 2756 301 2813 ὁδὲ
314 2759 464 2829 φοβηθείς,
474 2757 517 2826 ὡς
527 2757 566 2826 μὴ
574 2756 670 2824 μόνον
684 2752 731 2808 διὰ
815 2751 996 2823 „Maturavit
1023 2770 1057 2809 ea
1083 2769 1131 2809 rea
1155 2753 1328 2813 consilinm

195 2865 227 2918 τὸ
239 2874 341 2935 γῆρας,
356 2864 434 2917 ἀλλα
451 2864 498 2916 καί
516 2860 563 2916 διὰ
577 2862 630 2932 τὴν
649 2864 730 2915 ἀπαι-
771 2854 883 2916 Galbae
896 2856 955 2915 iam
969 2855 1083 2932 pridem
1098 2854 1136 2915 de
1150 2857 1326 2934 adoptione

195 2959 260 3023 δίαν
280 2970 565 3039 καταφρονούμενος,
580 2967 731 3038 ἐβουίωύε-
772 2981 871 3021 secum
892 2966 1008 3022 etcum
1030 2960 1175 3037 proximis
1202 2965 1325 3041 agitan-

194 3091 227 3129 το
253 3072 344 3129 παίδα
370 3076 476 3130 dandal
503 3082 562 3128 τῶν
579 3075 733 3142 ἐπφανῶν
772 3066 839 3127 tis”
863 3112 870 3126 .
894 3113 900 3127 .
924 3113 930 3126 .
954 3113 960 3126 .

194 3197 257 3234 τινα
274 3183 429 3235 νεανίσκον
448 3181 496 3234 και·
515 3177 650 3250 διάδοχον
663 3181 733 3233 διτο-

196 3284 287 3354 ὁειξαι
301 3297 352 3357 rus
365 3289 463 3358 ‹iens-

234 3390 288 3446 Ἧν
301 3389 467 3462 δὲΜάριιος
481 3389 583 3459 Ὁδων,
599 3391 674 3460 ἀνὴρ
685 3390 733 3462 γέ·
815 3385 860 3444 13.
887 3383 1038 3461 „Namque
1053 3383 1131 3442 Otho
1150 3387 1323 3460 pueritiam

193 3518 238 3554 νει
253 3500 310 3567 μὲν
327 3501 379 3554 οὐκ
393 3498 516 3568 ἀφανὴς,
532 3507 624 3568 τρυφῇ
638 3493 672 3551 δὲ
685 3498 732 3550 καί
772 3492 928 3564 incuriose,
937 3491 1168 3551 adulescentiam
1174 3495 1321 3568 petulan-

194 3603 374 3675 φιληδονίαις
395 3605 483 3673 εὐθὺς
505 3605 539 3657 ἐν
562 3601 676 3658 παίδων
697 3604 733 3656 ἐν
771 3601 818 3657 ter
838 3596 969 3674 egerat.'’

195 3711 305 3782 ὀλίγοις
322 3711 471 3778 Ῥωμαίων
485 3707 708 3779 διεφθαρμένος,

235 3812 377 3890 Sequitur
402 3812 584 3888 comparatio
608 3810 732 3870 Othonis

197 3937 264 3977 cum
285 3919 400 3979 Paride.

205 4041 406 4052 ——-...

234 4114 259 4181 1)
279 4113 317 4166 Cf.
336 4115 433 4182 Lange.
452 4115 470 4167 l.
488 4115 505 4167 l.
525 4132 567 4182 pg.
586 4113 628 4166 21.
648 4114 741 4166 Lenius
760 4114 777 4166 l.
797 4113 814 4165 l.
834 4131 876 4180 pg.
897 4115 938 4166 71.

232 4207 260 4277 2)
279 4210 362 4277 Lege:
384 4210 530 4278 Οὐϊτελλίῳ.
550 4212 581 4264 cf.
601 4211 694 4263 Goroll.
715 4210 777 4262 Crit.
798 4227 820 4260 a.
840 4210 858 4260 l.
