3038 5190
728 541 770 606 82

194 738 365 825 utrimque
377 735 516 803 absente
531 734 627 800 hoste
641 733 739 812 facta,
756 736 789 798 et
804 729 901 797 addit
913 729 1170 812 „Uberioribus
1185 731 1276 797 inter
1285 753 1315 796 se

97 912 102 921 .
197 852 330 941 probris
352 873 455 939 quam
477 849 637 916 laudibus
660 845 955 914 stimulabantur.”
980 844 1120 923 Quibus
1143 867 1188 912 ex
1208 845 1316 913 verbis

197 967 282 1034 falso
307 966 510 1034 Plutarchus
540 962 706 1030 conclusit
728 961 932 1028 Vitellianos
955 959 1182 1028 Othonianos
1207 968 1286 1028 cont
1307 1000 1317 1011 ·

197 1082 307 1148 meliis
330 1079 528 1147 stimulasse.

240 1198 336 1278 Cap.
360 1200 390 1267 7.
413 1195 603 1281 Descriptio
633 1213 767 1281 pugnae
798 1190 842 1259 ad
877 1191 1056 1258 Castorum
1088 1193 1207 1259 factae
1238 1192 1316 1258 falsa

198 1317 256 1379 est.
274 1314 299 1399 1)
323 1310 439 1377 Celsus
461 1309 554 1376 enim
577 1308 656 1374 solis
681 1307 852 1395 equitibus
874 1307 986 1372 hostes
1005 1307 1149 1393 cingere
1170 1329 1245 1374 non
1265 1328 1316 1394 po

198 1427 272 1508 tuit,
297 1426 366 1508 sed,
388 1431 427 1491 ut
448 1426 526 1491 Tac.
551 1425 596 1490 H.
620 1424 665 1489 ΙΙ.
691 1424 742 1504 24,
767 1421 809 1488 25
832 1421 947 1503 tradit,
977 1421 1174 1489 Othoniani
1200 1423 1252 1489 ita
1274 1422 1315 1488 lo

200 1539 374 1621 cabantur,
397 1545 435 1606 ut
458 1540 570 1605 hostes
591 1539 742 1606 invicem
764 1537 802 1603 in
824 1537 966 1604 insidias
992 1538 1314 1625 praecipitarentur.

200 1656 347 1722 Videtur
369 1653 573 1720 Plutarchus
595 1658 727 1740 partem
750 1651 859 1718 Taciti
878 1652 1084 1720 narrationis
1104 1658 1250 1720 tantum
1271 1653 1315 1718 in·

201 1771 359 1859 spexisse.
384 1769 499 1836 Habet
520 1768 578 1834 ille
602 1790 629 1834 c.
654 1769 698 1833 24
730 1772 783 1849 ,et
809 1789 927 1834 curam
953 1768 1112 1854 peditum
1141 1769 1314 1849 Paulinus,

201 1887 355 1973 equitum
380 1883 495 1950 Celsus
514 1884 708 1970 sumpsere''
733 1882 774 1948 25
800 1904 902 1965 ,nam
920 1905 941 1949 a
959 1881 1125 1948 lateribus
1150 1883 1313 1961 cohortes,

201 2000 373 2086 legionum
396 1999 538 2066 adversa
560 1998 663 2079 frons,
687 2002 720 2063 et
742 1995 854 2062 subito
878 1996 1060 2062 discursu
1089 2002 1211 2084 terga
1244 1999 1315 2065 cin·

203 2121 317 2182 xerat
338 2114 488 2202 eques.''
512 2112 617 2179 Haud
635 2116 789 2178 accurate
807 2132 849 2177 ex
865 2112 919 2177 his
935 2111 1070 2198 collegit
1082 2111 1229 2180 Celsum
1241 2134 1314 2180 cum

204 2228 373 2317 equitibus
407 2227 486 2294 solis
515 2227 628 2292 hostes
663 2226 818 2292 cinxisse.
857 2226 990 2292 Deinde
1029 2226 1151 2293 scribit
1180 2229 1315 2294 Tacitus

206 2344 360 2429 ,signum
387 2363 522 2429 pugnae
549 2363 619 2407 non
650 2341 764 2406 statim
791 2362 812 2407 a
839 2340 1000 2407 Suetonio
1029 2341 1179 2408 Paulino
1213 2343 1316 2431 pediti

203 2458 336 2524 datum:
360 2462 534 2523 cunctator
557 2461 681 2523 natura
708 2462 769 2522 etc.
792 2494 836 2504 -
858 2477 898 2522 ea
920 2456 1139 2523 cunctatione
1165 2458 1316 2545 spatium

203 2570 396 2638 Vitellianis
416 2571 533 2638 datum
556 2609 600 2619 -
620 2571 841 2656 refugiendi.''
864 2570 1068 2637 Plutarchus
1086 2572 1232 2639 effinxit
1251 2572 1318 2640 Cel·

204 2708 279 2751 sum
302 2685 431 2772 pedites
454 2686 625 2758 excivisse.
634 2685 844 2773 addiditque,
868 2706 947 2751 cum
966 2687 1076 2753 Taciti
1094 2687 1207 2756 verba
1227 2711 1256 2756 c.
1278 2689 1317 2754 26

207 2807 264 2882 „ut
285 2799 389 2866 deleri
412 2822 491 2866 cum
517 2801 676 2868 universo
705 2801 856 2867 exercitu
887 2801 1069 2868 Caecinam
1097 2803 1256 2889 potuisse
1278 2841 1318 2853 -

205 2914 470 3002 percrebruerit”
495 2915 537 2982 ob
561 2916 675 2982 oculos
698 2917 728 2983 ei
750 2922 976 2997 versarentur,
999 2918 1054 2978 καὶ
1084 2914 1252 2980 ὁοιιοῦσιν
1280 2919 1319 2981 ἄν

205 3028 407 3109 ἐπελθόντες
433 3031 472 3093 ἐν
499 3039 603 3111 καιρῷ
630 3029 760 3112 μηὸένα
789 3029 895 3092 λιπεῖν
923 3039 994 3093 τῶν
1019 3029 1204 3108 πολειιλων,
1233 3032 1319 3097 ἀλλὰ

206 3155 272 3207 πᾶν
281 3143 320 3207 τὸ
326 3144 413 3224 μετὰ
427 3143 555 3207 Κεκίνα
569 3145 758 3225 στράτευμα
773 3154 952 3226 συντρῖψαι
965 3147 1020 3208 eal
1035 3145 1172 3210 ἀνελεῖν
1187 3149 1319 3213 &mord

203 3277 299 3336 μενοι
320 3267 390 3337 τοῖς
409 3260 546 3321 ἱππεῦσι·
562 3261 634 3321 νανῖ
652 3257 691 3321 de*
713 3258 731 3322 ὁ
752 3258 923 3340 Παυλῖνος
938 3260 1005 3342 ὀψὲ
1018 3263 1073 3323 reat
1087 3261 1200 3346 σχολῇ
1222 3279 1321 3346 προσ-

206 3369 379 3453 βοηθήσας
399 3373 505 3434 αἰτίαν
525 3372 626 3455 ἔσχεν
644 3372 866 3455 ἐνδεέστερον
880 3385 940 3456 τῆς
961 3373 1065 3458 δόξης
1085 3389 1321 3464 στρατηγῆσαι

210 3483 250 3547 δι’
272 3483 574 3566 attribuam-Quae
597 3510 697 3576 porro
721 3490 857 3556 Tacitus
884 3492 914 3555 1.
940 3492 982 3556 26
1008 3490 1123 3574 habet,
1157 3492 1323 3562 Othonia-

210 3621 271 3664 nos
293 3599 423 3686 pedites
443 3602 601 3688 erupisse,
625 3603 776 3669 hostium
798 3604 906 3671 aciem
934 3606 1115 3693 protritam
1136 3628 1222 3691 esse,
1254 3630 1322 3676 non

211 3717 314 3780 curat.
344 3714 445 3783 Unde
467 3715 596 3785 factum
622 3722 671 3782 est
696 3723 735 3783 ut
760 3719 877 3787 Tacito
902 3725 1082 3807 repugnet,
1106 3723 1242 3811 quippe
1267 3723 1323 3812 qui

212 3833 329 3894 auctor
344 3827 387 3894 sit
406 3828 586 3895 Caecinam
606 3851 685 3896 oum
700 3833 859 3900 universo
875 3835 1027 3902 exercitu
1046 3835 1153 3902 deleri
1173 3841 1324 3925 potuisse

212 3942 248 4006 ni
279 3942 457 4008 Suetonius
487 3944 650 4011 Paulinus
673 3949 822 4034 receptui
845 3950 1029 4018 cecinisset.
1061 3952 1168 4020 Vides
1192 3954 1325 4023 Plutar-

251 4105 275 4171 1)
295 4104 333 4156 Cf.
353 4105 457 4157 Krauss.
476 4106 493 4158 l.
512 4107 529 4159 l.
548 4125 590 4175 pg.
610 4108 651 4161 12.
671 4109 856 4164 Gersteneeker
873 4114 890 4165 l.
910 4114 926 4166 l.
946 4132 987 4182 pg.
1011 4113 1054 4169 27.
1078 4116 1173 4169 Leuius
1190 4117 1210 4170 l.
1230 4119 1249 4171 l.
1268 4136 1324 4187 pgg.

217 4199 274 4263 114,
296 4201 353 4264 115,
373 4201 464 4268 llurdy
483 4203 499 4254 l.
517 4202 535 4255 l.
555 4204 586 4255 ad
605 4203 649 4257 καὶ
667 4204 741 4263 οὗτος
758 4205 807 4274 μὲν
824 4210 948 4263 ἱππεῦσιν.
967 4211 1028 4264 Tac.
1049 4212 1086 4265 Η.
1106 4213 1144 4265 II.
1163 4212 1281 4270 ‘24—26.
