3038 5190
880 547 922 612 74

344 740 504 827 cogitasse
527 746 606 807 ante
626 739 804 808 Vitellium
827 761 848 806 a
871 740 985 805 Germ.
1010 740 1075 805 Inf.
1101 738 1255 806 exercitu
1278 739 1466 826 imperato·

343 879 416 922 rem
433 856 690 923 consalutatum.
708 857 758 922 De
778 855 843 922 hac
859 878 895 922 re
912 855 1093 923 Suetonius
1112 863 1146 922 et
1167 856 1307 922 Tacitus
1329 855 1465 922 nullam

344 971 552 1038 mentionem
574 971 713 1052 faciunt,
734 961 791 1036 sed
808 971 959 1057 primum
977 972 1091 1037 Germ.
1110 971 1174 1037 inf.
1194 971 1391 1036 exercitum
1407 971 1464 1038 Vi-

343 1077 476 1154 tellium
497 1087 738 1174 imperatorem
757 1086 992 1173 proclamasse,
1018 1087 1142 1153 deinde
1158 1087 1274 1152 Germ.
1299 1085 1386 1172 Sup.
1403 1086 1464 1151 mi·

343 1201 418 1268 lites
440 1202 486 1267 iis
501 1202 677 1268 accessisse
702 1206 852 1268 narrant.
878 1201 985 1267 Credo
1009 1201 1047 1266 in
1063 1200 1238 1267 Plutarchi
1259 1201 1461 1267 narratione

344 1338 492 1406 errorem
515 1316 629 1397 latere,
654 1316 713 1403 qui
736 1315 834 1385 facile
854 1316 1017 1402 explicari
1040 1317 1155 1403 possit,
1179 1315 1206 1380 si
1229 1314 1458 1382 Plutarchum

342 1432 500 1498 Tacitum
525 1432 713 1518 inspexisse
736 1436 933 1498 statuamus.
958 1432 1035 1498 Tac.
1064 1433 1109 1497 H.
1138 1432 1164 1498 Ι.
1189 1432 1241 1497 56.
1268 1435 1458 1496 auctorest

342 1547 558 1634 aquiliferum
582 1544 748 1613 exercitus
774 1547 813 1614 G.
838 1546 870 1613 S.
894 1546 1033 1615 Vitellio
1062 1547 1235 1613 nuntiasse
1259 1568 1342 1612 eum
1367 1567 1456 1612 exer-

342 1661 447 1728 citum
472 1663 509 1727 in
533 1662 564 1729 S..
589 1663 626 1728 P.
657 1662 696 1740 G.
721 1663 760 1727 R.
785 1661 889 1729 verba
911 1662 1048 1728 iurasse.
1073 1661 1207 1728 Deinde
1228 1661 1308 1727 Tac.
1335 1659 1453 1726 habet:

345 1777 399 1860 ,id
420 1783 669 1844 sacramentum
694 1778 796 1845 inane
816 1778 945 1844 visum:
966 1777 1332 1864 occuparinutantem
1354 1777 1454 1842 fortu-

342 1914 424 1958 nam
444 1898 477 1958 et
495 1891 607 1958 offerri
629 1891 821 1978 principem
843 1891 1002 1979 placuit.’'
1023 1892 1118 1970 Quae
1140 1890 1256 1973 verba,
1281 1890 1326 1956 ad
1352 1889 1452 1958 Vitel-

288 2036 290 2040 ·
341 2006 428 2073 lium
456 2028 599 2094 suosque
622 2007 807 2089 referenda,
831 2030 936 2095 prave
959 2007 1163 2074 Plutarchus
1184 2004 1360 2072 intellexit
1382 2027 1452 2092 par·

342 2127 412 2189 tem
438 2122 550 2187 nuntii
572 2121 741 2209 aquiliferi
766 2143 835 2188 esse
859 2123 1030 2210 traditque
1055 2144 1133 2208 ergo
1157 2119 1378 2208 aquiliferum
1397 2119 1450 2187 Vi·

344 2236 436 2303 tellio
469 2237 642 2303 nuntiasse
673 2237 787 2305 Germ.
820 2237 900 2324 Sup.
936 2237 1061 2303 milites
1095 2258 1174 2302 eum
1207 2235 1448 2322 imperatorem

342 2351 553 2418 consalutare
569 2351 666 2419 velle.
690 2352 826 2418 Tacitus
849 2353 974 2440 pergit:
998 2352 1112 2435 ,missi
1135 2374 1155 2417 a
1178 2350 1319 2419 Vitellio
1343 2350 1388 2416 ad
1409 2348 1451 2415 le·

341 2468 458 2554 giones
474 2467 678 2555 legatosque,
696 2468 755 2555 qui
771 2461 950 2536 descivisse
971 2490 991 2534 a
1007 2467 1116 2534 Galba
1132 2465 1346 2553 superiorem
1362 2487 1451 2531 exer·

342 2583 447 2648 citum
472 2583 686 2650 nuntiarent:
717 2582 861 2671 proinde
884 2590 943 2650 aut
968 2582 1169 2650 bellandum
1200 2580 1365 2647 adversus
1396 2582 1448 2648 de-

342 2698 529 2779 sciscentes,
553 2704 613 2764 aut
636 2698 858 2765 siconcordia
878 2705 910 2765 et
929 2721 998 2786 pax
1017 2697 1158 2785 placeat,
1175 2696 1374 2763 faciendum
1388 2697 1448 2762 im-

341 2819 547 2900 pe1·atorem;
573 2818 605 2880 et
636 2813 768 2880 minore
799 2813 993 2880 discrimine
1018 2813 1106 2889 sumi
1129 2811 1324 2899 principem
1348 2833 1449 2898 quam

343 2929 489 3015 quaeri.''
507 2928 616 3014 Igitur
632 2928 800 3010 Vitellius,
817 2935 1002 3017 antequam
1017 2928 1132 3016 palam
1148 2949 1169 2993 a
1184 2926 1291 2992 Fabio
1303 2925 1449 2995 Valente

339 3042 524 3130 imperator
540 3043 768 3122 consalutatus
785 3051 843 3126 est,
859 3044 983 3111 iamin
1003 3065 1060 3109 ore
1079 3042 1230 3108 militum
1250 3042 1367 3108 Germ.
1384 3041 1447 3107 Inf.

338 3158 482 3245 imperio
513 3159 755 3227 destinabatur.
787 3159 886 3227 Falso
918 3160 1002 3226 haec
1033 3159 1149 3226 omnia
1179 3157 1384 3224 Plutarchus
1407 3156 1448 3222 ad

340 3274 453 3350 Germ.
489 3275 568 3362 Sup.
601 3276 787 3342 exercitum
818 3275 1001 3357 transtulit,
1034 3275 1104 3342 sive
1135 3274 1233 3360 lapsu
1263 3272 1447 3339 memoriae

338 3389 409 3456 sive
428 3390 536 3457 Taciti
558 3390 740 3458 verborum
764 3412 901 3456 sensum
924 3411 994 3456 non
1017 3388 1232 3477 perspiciens.
1253 3387 1351 3454 Haec
1373 3407 1447 3453 mea

338 3505 505 3572 sententia
527 3511 699 3592 praeterea
722 3506 886 3593 probatur
902 3527 962 3592 per
981 3504 1241 3570 similitudinem
1263 3502 1355 3568 inter
1378 3524 1447 3569 ora·

337 3621 466 3688 tionem
489 3621 630 3688 alicuius
653 3621 808 3710 elegatis
830 3621 1018 3689 tribunisve
1038 3626 1072 3686 et
1091 3618 1195 3687 verba
1218 3617 1376 3685 Valentis
1391 3618 1448 3686 Vi·

230 3821 234 3833 .
336 3736 471 3803 tellium
491 3738 694 3824 instigantis,
717 3738 759 3804 de
782 3759 849 3825 qna
871 3737 973 3804 modo
996 3735 1215 3802 adnotatione
1238 3733 1301 3819 egi.

382 3852 536 3920 Alteram
569 3853 804 3920 difficultatem
837 3853 977 3940 praebet
1010 3852 1069 3939 qui
1103 3849 1254 3937 sequitur
1288 3847 1393 3914 locus.
1416 3844 1445 3911 Ὁ

338 3965 377 4031 δὲ
398 3969 454 4056 (sc.
481 3969 649 4051 Vitellius,
677 3993 697 4036 a
720 3968 826 4035 Fabio
852 3969 997 4037 Valente
1024 3966 1139 4054 palam
1157 3965 1346 4051 imperator
1369 3986 1445 4030 con-

337 4091 509 4174 salutatus,
537 4092 597 4173 τὰς
623 4092 688 4172 μὲν
722 4090 913 4172 ἔμπροσθεν
948 4092 1075 4174 ἡμέρας
1110 4087 1221 4152 aanor
1250 4085 1444 4151 διωθεῖσθαι

337 4209 391 4271 ιιαί
412 4205 616 4271 ἀναδύεσθαι
636 4207 675 4270 τὸ
693 4205 840 4288 μέγεθος
860 4216 920 4289 τῆς
941 4207 1047 4290 ἀρχῆς
1065 4203 1287 4287 φοβούμενος,
1308 4201 1389 4266 τότε
1410 4201 1448 4266 dd
