3038 5190
728 565 770 630 98

191 759 352 845 versoria)
371 758 560 845 proposuit:
593 755 692 819 Ἀλλά
721 758 776 819 καὶ
805 756 852 819 ἐν
873 755 968 819 δυσὶν
994 759 1139 838 ἡμέραις
1168 757 1189 820 ὁ
1220 757 1303 836 Τίτος

192 871 391 935 Πολλίων
405 872 479 959 (etsi
491 873 565 959 ipsa
577 873 727 945 nominis
737 873 847 938 forma
859 872 971 958 potuit
982 871 1102 958 paullo
1117 873 1254 940 diversa
1264 894 1303 937 es

192 990 238 1075 se)
252 995 320 1050 τῶν
341 985 405 1049 άπὸ
434 985 664 1067 στρατοπέδου
683 987 713 1072 (e
732 986 913 1074 praetorio)
934 986 1266 1072 πτεροφάρων(ἱ.
1279 1009 1300 1052 e.

192 1102 417 1190 speculatores
447 1103 488 1168 of.
521 1100 666 1168 Othonis
697 1102 805 1168 vitam
832 1123 859 1168 o.
890 1086 935 1188 4.)
960 1101 1103 1181 άφλκετο
1119 1102 1201 1175 ura,
1225 1122 1300 1189 quae

194 1208 430 1304 peringeniosa
452 1237 562 1303 neque
580 1215 818 1303 improbabilis
841 1215 1036 1282 coniectura
1058 1216 1212 1298 videtur,
1232 1237 1301 1281 oum

193 1332 392 1419 praesertim
416 1354 502 1419 quae
519 1337 708 1419 sequuntur
719 1330 840 1398 verba:
861 1325 968 1410 Οὗτος
984 1329 1051 1409 μὲν
1072 1325 1136 1392 αὖν
1150 1332 1202 1410 εἰς
1216 1328 1300 1410 τάξιν

194 1446 328 1526 ἔντιμον
348 1445 511 1532 προήχθη,
531 1447 569 1512 in
589 1468 734 1534 quorum
753 1445 1034 1533 interpretatione
1050 1445 1232 1532 hucusque
1245 1446 1301 1512 viri

195 1560 285 1627 dooti
307 1561 499 1643 haeserunt,
519 1561 684 1647 Madvigii
701 1561 895 1628 coniectura
911 1560 1069 1642 admissa,
1087 1561 1299 1627 sanissimum

196 1670 551 1763 sensum'praebesnt.

240 1886 337 1967 Gap.
361 1890 397 1954 9.

234 2002 511 2083 καὶγυναικῶν
532 2020 632 2063 τινων
658 2000 749 2080 αὐτῷ
777 2001 834 2082 (so.
865 1999 1090 2087 Nymphidio
1118 2021 1174 2066 res
1205 2020 1296 2066 novas

196 2114 362 2203 molienti)
373 2116 434 2177 καὶ
442 2113 675 2195 συγκλητικῶν
687 2112 823 2195 άνὸρῶν
836 2114 950 2196 κρύφα
964 2112 1295 2195 συλλαμβανομένω.

175 2220 179 2233 ’
218 2230 284 2295 ‘Ni
313 2230 421 2312 fallor,
452 2230 666 2292 ὑπατικῶν
688 2229 872 2316 legendum
904 2235 964 2310 est,
999 2229 1085 2310 „viri
1114 2229 1295 2295 consulares

196 2343 452 2410 et·senatores.’'
471 2344 519 2409 Of.
539 2343 620 2430 Cap.
633 2344 664 2425 8,
680 2343 739 2410 ubi
756 2343 990 2430 Nymphidius
1003 2343 1041 2408 in
1058 2365 1156 2431 spem
1173 2341 1295 2430 imperii

168 2460 348 2562 'irrepens
381 2456 544 2537 ἐδείπνιζε
577 2458 657 2537 τοὺς
685 2458 864 2538 ὑπατικοὺς
897 2459 952 2520 καὶ
978 2457 1059 2538 τοὺς
1088 2456 1295 2540 ἡγεμονικῶς

196 2574 396 2662 (primores).
414 2668 416 2674 J

242 2765 298 2832 ca
330 2767 418 2833 ‚12.
972 2825 976 2834 .

235 2782 446 2960 κεῖάμεα.
482 2880 613 2945 Immo:
647 2887 859 2959 κεραμεᾶ.
891 2880 932 2944 of.
961 2878 1222 2945 Kiihner-Blass
1247 2877 1293 2943 Gr.

197 2995 349 3060 Gramm.
373 2995 400 3060 Ι.
426 2997 455 3060 1.
480 3016 534 3081 pg.
558 2995 632 3061 403.
661 2995 690 3059 6.
722 2994 867 3060 Passow.
891 2988 976 3062 s.v.‘
1036 2989 1039 2994 ⁵
1259 2989 1261 2995 ’

240 3186 346 3249 Ταῦτα
363 3186 428 3265 μὲν
449 3183 509 3247 οὖν
530 3186 585 3273 (so.
610 3186 724 3273 poculi
754 3188 884 3275 raptus)
905 3184 959 3248 ὁιά
979 3186 1041 3267 τὴν
1062 3183 1239 3267 Καίσαρος
1248 3203 1294 3264 με·

198 3302 352 3384 τριότητα
381 3302 687 3383 κωμικωτέραν
713 3302 956 3383 γενομένην
981 3299 1192 3383 γέλωτος-
1215 3299 1295 3381 opu

198 3415 326 3497 ἔδοξεν.
356 3413 438 3492 dos
459 3414 519 3477 τὸν
547 3413 683 3497 Γάλβαν
710 3415 800 3496 ἔχων
820 3414 878 3497 ὑφ’
899 3416 991 3496 αὑτῷ
1021 3455 1056 3464 -
1085 3415 1230 3497 ἔπραττε
1248 3414 1292 3500 (so.

199 3531 345 3619 Vinius),
371 3529 489 3592 παθῶν
510 3538 677 3610 τραγικῶν
699 3569 733 3578 -
756 3541 827 3611 τοῖς
843 3529 909 3609 μέν
930 3531 1045 3605 αἰτίαν,
1074 3541 1146 3611 τοῖς
1173 3529 1213 3593 dd
1230 3526 1293 3608 πρά

200 3660 302 3728 φασιν
316 3646 494 3729 παρέσχεν.
663 3728 664 3731 ¹
896 3728 898 3734 Α

243 3763 347 3847 Lege:
372 3761 675 3841 κωμικώτερον
695 3760 946 3841 γενόμενον.
969 3758 1287 3849 Opponunturenim

200 3882 317 3962 raptus
350 3874 464 3963 poculi
499 3881 532 3940 et
566 3876 588 3936 d
619 3873 658 3936 ὁὲ
688 3873 747 3937 τάν
777 3873 913 3955 Γάλβαν
947 3875 1037 3958 ἔχων
1063 3875 1122 3958 ὑφ’
1153 3877 1237 3954 αὑτῷ
1260 3906 1284 3918 -

201 3989 352 4069 ἔπραττε.
373 3990 465 4056 Illud
484 3989 616 4055 facinus
630 3993 769 4075 propter
789 3989 939 4057 Caesaris
959 3991 1223 4058 moderationem
1242 4006 1281 4074 po

201 4104 268 4169 tius
298 4104 467 4170 oomioum
489 4105 617 4169 facturn
648 4108 707 4184 est,
730 4104 814 4170 haec
837 4104 955 4170 multis
978 4127 1080 4172 eausa
1102 4107 1277 4192 tragicorum

202 4218 371 4284 malorum
393 4224 498 4284 erant.
