3030 5190
746 559 787 625 37

246 757 382 827 γεγονὼς
403 756 576 827 περιβόητος
597 757 632 809 ἐν
656 756 747 827 Ῥώμη
832 751 1015 829 „Poppaeam
1026 752 1164 812 Sabinam
1178 755 1322 832 principa-

203 858 254 916 διὰ
277 863 329 916 τὸν
348 861 503 930 Ποππαίας
518 863 623 932 γάμον,
642 861 677 932 ης
691 863 747 932 ἤρα
787 859 814 916 1ο
829 861 969 931 scortum,
983 862 1019 918 ut
1029 859 1108 935 apud
1122 861 1271 920 conscium
1284 863 1317 920 li·

199 968 262 1036 μέν
276 968 294 1022 ὁ
307 968 417 1038 Νέρων
425 966 578 1037 Κρισπίνῳ
593 970 744 1038 συνούσης,
785 964 920 1023 bidinum
934 965 1118 1041 deposueran,
1130 965 1221 1026 donee
1236 967 1321 1027 ecta-

202 1076 249 1128 ἔτι
270 1071 297 1127 δ’
317 1071 488 1143 αἰδούμενος
506 1074 558 1144 τὴν
575 1074 680 1128 ἑαυτου
696 1092 745 1145 μυ-
785 1071 864 1131 viam
878 1090 1000 1131 uxorem
1015 1071 1216 1131 amoliretur.‘'

203 1189 296 1234 ναίκα
309 1181 356 1234 καί
371 1181 423 1250 τὴν
433 1180 546 1250 μητέρα
564 1180 748 1250 φοβούμενος

202 1290 301 1358 ὑφῆκε
324 1288 375 1341 τὸν
396 1286 510 1342 Ὀθωνα
529 1295 676 1356 πειρῶντα
696 1287 748 1356 τὴν

203 1394 371 1448 Ποππαίαν.
396 1394 474 1462 Φίίῳ
489 1390 523 1446 δέ
537 1401 576 1462 τῷ
587 1392 688 1447 Ὀθωνι
701 1395 748 1447 καί

203 1501 352 1572 συμβιωτῇ
367 1496 414 1553 διὰ
428 1499 481 1568 την
494 1500 621 1553 ἀσωτίαν
633 1499 745 1570 ἐχρῆτο,

201 1607 253 1660 καί
276 1605 484 1674 σκωπτόμενος
505 1606 553 1658 ὑπ’
576 1605 745 1659 αὐτοῦποί-
830 1606 950 1678 „gratus
981 1601 1092 1661 Neroni
1126 1601 1323 1661 aemulatione

201 1715 290 1781 λάκις
303 1713 346 1780 είς
356 1712 546 1783 μικρολογίαν
565 1712 613 1765 καί
629 1712 746 1766 ἀνείευ-
785 1706 892 1766 luxns'’

201 1821 310 1889 θερίαν
322 1819 427 1888 ἔχαιρε.

245 1981 421 2040 ΠΙυείταίαι
441 1978 560 2037 luxuria
580 1978 691 2038 fabula.

232 2163 321 2218 Ἀλλὰ
336 2162 388 2232 τὴν
399 2179 435 2232 γε
445 2160 602 2216 Ποππαίαν
615 2177 733 2232 προμοι-

185 2274 298 2344 χεύσας
313 2277 353 2338 τῷ
367 2269 487 2340 Νέρωνι
500 2270 547 2322 καί
561 2266 733 2339 διαφθείρας

188 2389 256 2448 ταίς
279 2380 322 2447 είς
343 2379 460 2431 ἐκείνου
480 2377 594 2430 ἐλπίσιν
616 2376 732 2429 ἔπεισεν

188 2489 354 2556 ἀποστῆναι
368 2494 418 2539 τοῦ
431 2482 547 2555 ἀνδρὸς.
571 2485 731 2556 Ἐλθούσης

188 2592 225 2648 δέ
242 2594 313 2663 παρ’
334 2592 423 2647 αὐτὸν
440 2597 483 2662 ὡς
496 2601 623 2664 γαμετῆς
636 2593 688 2646 οὐκ
701 2593 731 2661 η-

182 2703 269 2773 γάπα
280 2699 420 2770 μετέχων,
436 2696 502 2750 ἀλλ’
512 2695 639 2766 ἤσχαλλε
644 2711 729 2762 μετα·

182 2805 296 2876 διδούς,
316 2803 385 2860 οὐδὲ
398 2807 486 2875 αὐτῆς
498 2803 670 2875 ἀχθομένης,
688 2803 730 2871 ὣς

182 2927 268 2986 φασι,
285 2923 318 2984 τῇ
332 2911 488 2982 ζηλοτυπία
502 2919 552 2980 της
565 2909 727 2978 Ποππαίας.

227 3056 728 3138 SequitnrnarratinnonladePop·
831 3069 916 3141 „Mox
950 3056 1121 3144 suspectum
1155 3069 1185 3127 in
1223 3072 1324 3130 eadem

181 3189 262 3246 paea
277 3167 425 3226 Neronem
440 3165 620 3225 excludente·
786 3173 924 3251 Poppaea
938 3175 966 3233 in
977 3175 1161 3251 provinciam
1175 3176 1323 3236 Lusitani-

787 3303 834 3341 am
849 3283 944 3358 specie
964 3283 1120 3361 legationis
1135 3284 1296 3360 seposuit.'’

228 3365 450 3422 Ἐιανθθνευσεν
463 3362 542 3420 οὖνὸ
552 3363 649 3420 Ὀθων
657 3367 726 3420 απο-

181 3480 301 3533 θανείν·
318 3474 366 3529 καί
379 3474 550 3544 παράλογον
563 3469 608 3542 ην,
617 3472 660 3526 ὅτι
674 3472 726 3541 τὴν

179 3591 312 3655 γυναῖκα
332 3582 380 3634 καί
399 3577 532 3650 ἀδελφὴν
553 3581 726 3648 ἀποκτείνας

181 3689 234 3745 διὰ
249 3689 302 3743 τὸν
314 3687 469 3756 Ποππαίας
480 3689 576 3757 νόμον
588 3687 725 3756 ἐφείσατο

180 3807 237 3852 του
260 3794 399 3864 Ὄθωνος.
422 3791 469 3849 20.
491 3793 619 3848 Σενέκαν
636 3790 670 3846 δέ
688 3792 725 3848 εί-

178 3922 236 3978 χεν
250 3903 366 3957 εὔνουν·
381 3903 516 3955 κάκείνου
533 3902 583 3955 τὸν
596 3901 725 3972 Νέρωνα

178 4014 343 4079 πείσαντος
356 4010 403 4063 καί
416 4009 647 4080 παραινέσαντος
664 4005 725 4075 ἐξε·

178 4118 307 4188 πέμφθη
321 4116 492 4170 Λυσιτανῶν
506 4115 665 4186 στρατηγὸς
677 4116 725 4170 ἐπί

178 4227 237 4285 τὸν
252 4223 400 4283 Ὠκεανόν.
428 4223 487 4277 Καὶ
504 4223 648 4300 παρέσχεν
660 4222 725 4281 ἑαυ-
826 4217 921 4292 „Otho
955 4218 1078 4284 comiter
1113 4218 1318 4282 administrata
