3038 5190
614 1203 912 1326 uerior.

664 1553 859 1562 ——-

249 1763 332 1830 Arte
355 1784 434 1829 cum
458 1762 655 1849 quaestione
678 1762 781 1828 modo
804 1768 947 1829 tractata
964 1762 1070 1829 altera
1087 1763 1254 1844 cohaeret,
1272 1784 1317 1828 sc:

200 1884 373 1966 quantum
397 1877 477 1943 fidei
493 1877 677 1943 Plutarcho
701 1876 924 1943 tribuendum
944 1878 996 1943 sit.
1015 1877 1207 1965 Apparebit
1226 1878 1321 1944 enim

199 1995 239 2059 in
265 1992 382 2058 multis
404 1992 488 2058 locis
516 1992 791 2080 interpretandis
808 2013 1015 2079 magnopere
1042 1993 1203 2058 interesse
1227 1993 1323 2058 Taci-

201 2115 279 2174 tum
298 2107 476 2174 Plutarchi
496 2113 670 2173 auctorem
694 2129 864 2194 ponamus
887 2129 995 2172 necne
1008 2109 1043 2195 1).
1063 2107 1176 2173 Lubet
1198 2113 1322 2191 totum,

202 2226 296 2313 quod
320 2226 378 2292 hic
393 2226 572 2310 habemus,
592 2227 767 2293 Plutarchi
791 2248 876 2313 opus
900 2226 1116 2313 perlustrare,
1136 2224 1323 2292 ut‘lectori·
1408 2313 1409 2318 ἵ

202 2341 267 2407 bus
285 2341 436 2426 singulos
456 2340 617 2428 deinceps
637 2342 736 2423 locos,
757 2341 816 2407 ubi
833 2341 1008 2407 Plutarchi
1023 2322 1108 2407 fides
1122 2342 1160 2406 in
1177 2341 1322 2407 dubium
1382 2340 1383 2345 ’

201 2457 358 2524 vocanda
382 2456 548 2538 videatur,
581 2456 741 2523 indicem.
775 2458 888 2544 Atque
912 2478 1177 2543 nonnumquam
1208 2457 1251 2523 ad
1275 2457 1323 2522 vi-

201 2593 321 2636 rorum
341 2570 519 2636 doctorum
539 2571 644 2637 libros
660 2572 815 2658 delegare
830 2578 967 2638 tantum
986 2572 1140 2654 sufficiet,
1158 2572 1323 2658 quoniam

203 2685 307 2751 multi
329 2686 399 2751 iam
423 2685 465 2751 de
485 2685 552 2752 fide
571 2687 721 2752 vitarum
746 2687 1002 2774 quaestionibus
1021 2709 1056 2753 se
1073 2687 1322 2774 applicuerunt.

167 2861 169 2865 ,
203 2803 384 2867 Praeterea
404 2801 618 2867 monendum
639 2808 689 2867 est
712 2824 767 2868 me
790 2824 914 2890 parvas
935 2803 1181 2889 discrepantias
1201 2803 1227 2879 2)
1251 2824 1322 2867 non

203 2938 334 2998 curare,
358 2916 416 2982 sed
433 2917 516 2983 eniti
540 2923 579 2982 ut
602 2918 644 2984 de
668 2918 832 3005 cuiusque
855 2941 875 2985 a
899 2919 1083 3001 Plutarcho
1107 2918 1251 2986 traditae
1274 2917 1323 2983 rei

203 3030 343 3096 cardine
375 3053 496 3099 verum
519 3033 687 3098 iudicium
710 3035 937 3120 acquiramus,
971 3035 1108 3100 Praeter
1134 3032 1323 3099 nonnullos

241 3219 266 3275 ll
285 3217 317 3267 E.
337 3235 364 3268 e:
384 3216 506 3269 videntur
524 3217 592 3268 inter
610 3235 637 3269 se
656 3235 801 3285 repugnare
819 3219 850 3271 T.
871 3221 908 3272 Η.
928 3221 949 3272 I.
971 3220 1012 3271 14.
1039 3237 1166 3286 „pauca
1191 3219 1323 3286 praeia-

203 3323 260 3366 tus
278 3313 311 3365 de
329 3330 376 3365 sua
390 3322 520 3366 senectute
533 3314 655 3366 Pisonem
669 3315 835 3367 Licinianum
848 3317 942 3368 arcessi
956 3316 1052 3368 iubet.''
1072 3325 1098 3368 et
1112 3316 1145 3366 G.
1160 3315 1203 3368 23.
1222 3312 1324 3381 μηδὲν

202 3408 369 3476 προειπὼν
386 3409 569 3478 μετεπέμψατο
594 3410 725 3463 Πείσωνα.
754 3412 805 3465 Sed
824 3430 852 3464 re
871 3430 933 3465 vera
955 3413 1128 3480 ‹liserepantia
1153 3430 1205 3464 non
1231 3419 1323 3475 exstat,

203 3526 265 3560 nam
283 3505 366 3574 μηδὲν
382 3505 524 3574 προειπών,
542 3516 690 3575 comparato
709 3508 807 3574 Tacite,
823 3509 976 3562 vertendum
990 3518 1040 3562 est:
1060 3510 1140 3561 Nullo
1155 3518 1230 3561 antea
1245 3508 1323 3561 verbo

202 3609 271 3658 tacto
290 3623 317 3658 se
336 3605 457 3657 Pisonem
476 3605 503 3656 in
522 3605 686 3673 adoptionem
704 3607 887 3658 arcessiturum
905 3625 967 3660 esse.

239 3703 267 3770 2)
287 3703 366 3756 Velut
391 3703 424 3754 G.
450 3702 495 3754 12:
520 3702 644 3770 ποτήριον
668 3702 806 3771 ἀργυροῦν,
833 3704 863 3756 Τ,
883 3705 920 3756 Η.
940 3705 961 3756 I.
982 3705 1028 3757 48:
1055 3705 1181 3772 scyphum
1206 3721 1320 3756 aureum.

204 3800 239 3851 G.
259 3799 302 3853 20:
320 3799 426 3857 Ὁσάκις
444 3797 473 3851 δὲ
491 3797 534 3852 τὸν
552 3799 656 3868 Γάλβαν
674 3800 752 3852 εἱστία
771 3809 815 3867 (se.
835 3801 933 3868 Otho),
953 3799 999 3869 τὴν
1016 3801 1267 3868 παραφυλάττουσαν
1285 3801 1324 3853 ἀεὶ

203 3904 312 3965 σπεῖραν
329 3896 437 3957 ἐδέκαζε
454 3903 569 3964 χρυσοῦν
587 3896 689 3964 ἑκάστῳ
708 3898 846 3965 διανέμων,
865 3899 896 3950 Τ.
916 3900 952 3950 Η.
972 3900 986 3950 1
1005 3899 1047 3950 24.
1070 3899 1205 3952 »Maevius
1219 3898 1324 3950 Pudens
1391 3926 1392 3930 ,

204 4025 240 4032 —
259 3994 379 4060 quotiens
398 3993 483 4044 Galba
501 3993 570 4060 apud
589 3993 720 4046 Othonem
738 3996 894 4062 epularetur,
908 3996 1006 4048 cohorti
1020 3996 1141 4047 excubias
1159 3996 1244 4062 agenti
1263 3997 1324 4048 viri-

204 4089 254 4141 tim
279 4098 401 4142 centenos
425 4107 545 4142 nummos
570 4091 724 4143 divideret.’'
744 4091 776 4144 Ο.
795 4092 820 4145 8.
846 4093 942 4150 Ἄννιος
966 4090 995 4144 δὲ
1018 4092 1162 4150 Γάλλος-
1176 4091 1323 4151 πεπτωκὼς

204 4186 257 4253 ἀφ’
276 4187 363 4239 ἵππου.
383 4186 414 4238 Τ.
434 4186 470 4238 Η.
490 4187 519 4238 II
538 4188 580 4240 33.
601 4189 705 4253 „Annio
724 4189 810 4256 Gallo,
825 4221 858 4227 -
873 4191 947 4258 lapsu
965 4191 1025 4257 equi
1044 4190 1175 4242 adflict0.’'
